2917 4875
673 296 979 363 ...ηρ-.-

260 498 313 555 σις
336 474 444 561 ἔλαβε»
462 476 603 568 διέφυγε
620 470 686 566 γάρ
703 469 745 541 τὸ
765 476 899 566 πρῶτον
918 475 982 545 τοῦ
993 476 1150 564 Νέρωνος
1163 469 1223 541 τὸν
1237 478 1304 543 θυ-

259 573 326 663 μὸν
341 582 398 646 καὶ
423 578 525 645 τοῦτο
548 579 583 645 ἐν
605 580 674 653 τοῖς
697 573 784 665 πρὸς
800 574 860 645 τὸν
872 576 1040 667 μακάριον
1062 568 1237 662 Τιμόθεον
1251 578 1306 642 δε·

260 672 383 759 δήλωκε
411 676 599 771 γράμμασι.
631 680 716 762 λέγει
747 678 783 745 δέ
815 672 938 758 οὕτως·
973 681 1009 745 έν
1033 682 1073 770 τῇ
1097 670 1210 770 πρώτη
1235 701 1307 766 μου

262 780 429 869 ἀπολογία
455 779 564 857 οὐδείς
594 804 654 864 μοι
685 786 966 870 συμπαρεγίνετο,
1003 772 1089 845 ἀλλά
1117 772 1239 857 πάντες
1263 802 1307 865 με

261 882 485 967 ἐγκατέλιπον,
518 876 564 966 μή
597 879 711 957 αὐτοῖς
742 875 936 966 λογισθείη.
969 874 988 946 ὁ
1020 880 1056 947 δὲ
1087 874 1214 971 Κύριός
1237 904 1307 967 μου

262 984 461 1071 παρέστηκε,
486 986 543 1047 καὶ
563 974 788 1067 ίνεδονάμωσέ
811 1008 879 1069 με,
892 987 950 1049 καὶ
972 976 1143 1074 ε’ῥρύσθην
1168 984 1203 1048 εἰι
1227 978 1308 1051 στό-

261 1105 372 1209 ματος
394 1085 545 1159 λέοντος.
578 1088 634 1149 καί
660 1076 681 1164 ἡ
708 1082 775 1151 τῶν
804 1077 954 1208 πράξεριν
981 1078 1061 1149 δέ’
1042 1087 1129 1167 ημᾶς
1161 1081 1309 1162 ἐδίδαξεν

263 1186 413 1305 ίοτορίρ,
437 1178 490 1261 ὡς
518 1179 618 1249 δάο”
601 1208 657 1264 ετη
684 1179 723 1251 τὸ
751 1186 892 1276 πρῶτον
907 1187 943 1251 έν
963 1188 1004 1278 τῇ
1027 1179 1139 1278 Ῥώμη
1166 1179 1309 1271 διήγαγε

262 1277 344 1351 καθ’
375 1280 493 1350 ἑαυτὸν
525 1280 623 1351 οἰκῶν
653 1286 686 1351 έν
711 1280 791 1351 ἰδίω
819 1283 1034 1413 μισθώματι.
1067 1288 1237 1353 ἐκεῖθεν
1262 1288 1284 1351 δ
1292 1292 1309 1351 4

256 1410 324 1463 Ιεις
349 1379 421 1461 τάς
440 1387 629 1463 Σπανίας
641 1379 858 1463 ἀπελθών,
884 1392 951 1454 καὶ
967 1413 1016 1455 το
1005 1382 1159 1455 θεῖον
1174 1381 1310 1454 κάκεί-

264 1510 354 1563 νοις
374 1482 667 1578 προσενεγκὼν
691 1480 956 1574 εὐαγγέλιον,
983 1489 1212 1572 ἐπανῆλθε,
1237 1491 1310 1555 καὶ

266 1582 367 1653 τότε
400 1582 475 1669 τήν
506 1582 708 1681 κεφαλήν
741 1582 979 1675 ἀπετμήθη.

707 1790 873 1860 ε.·2.τ24.
902 1782 906 1794 ’

319 1930 483 1999 Πέποιθα
509 1934 543 1997 δὲ
566 1934 600 1997 έν
625 1934 756 2023 Κυρίῳ,
789 1928 842 2001 δτι
867 1937 924 2001 καὶ
950 1928 1053 2016 αὐτὸς
1078 1929 1199 2023 τάχεος
1223 1929 1309 2003 ε’λεὺ-

267 2037 384 2119 Ισομαι.
427 2026 510 2099 Οὐδὲ
532 2033 687 2101 ἐνταῦθα
710 2031 772 2117 τήν
798 2032 922 2103 οἰκείαν
945 2043 1134 2154 παρουσίαν
1155 2032 1310 2129 ἀποφαν-

268 2134 365 2213 ’τικῶς
390 2136 621 2219 επηγγείλατο,
645 2129 730 2201 ἀλλά
752 2137 812 2217 τῆς
829 2131 983 2216 θείας
944 2134 1048 2221 αντήν
1062 2136 1213 2256 ε’ξήρτησε
1229 2164 1310 2229 προ-

268 2238 435 2323 μηθείας
469 2235 569 2315 δῆλος
601 2236 676 2301 δέ’
661 2260 729 2305 εστι
753 2238 887 2323 μηδέπω
918 2243 1083 2319 παντελῶς
1108 2236 1167 2307 τὸν
1192 2234 1311 2331 πρότε·

270 2360 330 2458 ρον
350 2331 526 2454 διαφυγὼν
550 2336 717 2404 κίνδυνον.
750 2338 850 2404 τοῦτο
875 2336 1055 2408 αἰνίττεται
1082 2335 1230 2467 εἰρηκώς,
1265 2334 1312 2418 ὡς

271 2432 313 2507 ἀν
340 2432 447 2504 ἀπίδω
474 2434 516 2503 τὰ
540 2443 613 2529 περὶ
644 2441 739 2528 ἐμὲε
724 2438 875 2524 ἐξαυτῆς,
909 2448 1100 2512 τουτέστιν
1113 2439 1171 2512 έάν
1200 2444 1312 2509 τέλεον

271 2527 363 2633 λάβη
382 2533 475 2608 λύσιν
501 2534 543 2605 τὰ
555 2541 719 2709 δυσγερῆ.

417 2753 593 2842 Interpret.
618 2776 672 2842 ep.
695 2755 743 2819 11.
766 2754 809 2820 αδ
828 2755 979 2822 ΤὶιηοὶΙι.
1000 2778 1030 2822 c.
1055 2755 1097 2839 4,
1121 2755 1174 2820 17.

321 2891 420 2970 Ὁδὲ
405 2893 569 3016 41449445·
592 2923 654 2985 μοι
676 2901 843 2987 παρίστη,
858 2902 924 2966 καὶ
929 2890 1164 3024 ἐνεδυνάμωρέ
1178 2919 1229 2982 με,
1254 2887 1313 2959 ι’να

274 2991 317 3065 δι’
350 2999 431 3084 ἐμοῦ
456 2995 495 3067 τὸ
521 2994 674 3092 κήρυγμα
696 2999 964 3095 πληροφορηθῇ,
989 3002 1046 3066 καὶ
1060 2991 1186 3093 ἀκοδση
1203 2986 1313 3062 πάντα

274 3094 317 3166 τά
344 3099 442 3181 ἔθνη.

324 3193 446 3268 Ἡνίκα
477 3203 517 3295 τῇ
549 3201 627 3293 eque
608 3223 658 3268 σει
688 3193 899 3292 χρησάμενος
931 3198 977 3280 εἰς
995 3196 1068 3284 τήν
1089 3190 1264 3284 Ῥώμην“
1244 3192 1313 3263 υπὸ

275 3299 337 3367 τοῦ
372 3271 509 3384 Φήστοδ
538 3304 785 3393 παρεπέμφθη,
820 3295 1127 3428 ἀπολογισάμενρς
1127 3292 1171 3376 ιδς
1193 3291 1315 3377 ἀθῶος

277 3400 421 3492 ἀφείθη,
447 3407 503 3471 καὶ
520 3399 580 3482 τὰς
595 3406 749 3481 Σπανίας
767 3405 940 3489 κατέλαβε,
966 3429 1023 3470 και
1041 3397 1087 3480 εἰς
1108 3401 1204 3489 ἕτερα
1225 3397 1315 3480 έθνη

277 3497 425 3618 δραμὼν,
462 3500 524 3584 τήν
558 3506 617 3585 τῆς
652 3504 869 3582 διδασκαλίας
907 3496 1069 3584 λαμπάδα
1099 3495 1312 3590 προσήνεγκε.

277 3597 410 3724 πρώτην
431 3604 542 3670 τοίνυν
564 3597 750 3688 ἀπολογίαν
776 3601 838 3687 τήν
861 3606 896 3672 έν
922 3604 1023 3699 ἐκείνη
1046 3627 1086 3698 τη
1072 3600 1245 3691 έκδημίρ
1260 3625 1310 3686 γε

277 3704 454 3789 γενημένην
478 3698 619 3776 ἐκάλεσε.

452 3913 568 3982 Graec.
592 3916 798 3984 affectionum
822 3919 947 3985 curatio
970 3918 1067 4008 disp.
1063 3916 1141 3982 lx.
1223 3918 1226 3922 ’

323 4052 487 4140 Ὅσηνδί
511 4086 547 4146 γε
573 4048 675 4128 οὗτοι
689 4059 766 4148 [int.
780 4055 882 4135 ἀοιδοὶ
896 4087 954 4130 και
941 4063 1061 4142 πεζοὶ
1071 4065 1127 4128 καὶ
1139 4057 1224 4128 πᾶσι·
1234 4050 1315 4144 γνώ-

280 4185 374 4251 ριμοι
398 4153 550 4246 λόγοι)“
533 4155 646 4252 ρώμην
670 4169 728 4232 καὶ
752 4157 935 4252 δύναμιν
916 4185 1041 4252 εχονσι,
1068 4155 1175 4253 ῥᾷστα
1199 4153 1242 4226 δέν
1266 4184 1317 4240 τις
