2917 4875
188 488 323 559 sisset
357 486 535 563 iturum,
565 478 793 579 dispositione
818 486 937 559 divina
957 484 1147 577 majoribus
1171 507 1229 557 oo—
1290 557 1293 561 .

182 597 331 681 oupatus
360 604 412 657 'ex
445 584 576 666 causis,
612 587 792 680 implere
817 610 900 659 non
928 588 1082 683 potuit,
1114 587 1228 681 qnod

187 689 404 782 promisit
461 687 633 769 Quantum
659 689 753 759 enim
779 689 889 782 ipsios
912 688 1097 768 voluntatis
1124 688 1228 762 inter·

187 791 266 872 fuit,
304 789 371 861 hoo
405 789 662 882 pronunciavit,
690 789 785 881 quod
812 811 936 861 revera
960 790 1130 861 voluisset
1155 787 1228 861 etti·⁴

125 946 128 950 .
187 912 279 963 cere.
327 891 499 974 Quantum
516 890 610 961 enim
628 888 672 961 ad
690 890 800 963 divini
819 900 953 963 secreta
971 890 1105 963 consilii
1124 886 1228 984 (quae

188 1001 224 1063 nt
249 992 352 1063 homo
378 992 492 1062 omnia
519 1013 588 1061 non
611 982 739 1085 potuit,
768 992 849 1064 lieet
866 994 992 1087 Spiritu
1011 992 1074 1063 Dei
1092 992 1225 1086 plenus,

185 1090 410 1188 agnoscere),
438 1114 588 1187 superna
615 1094 851 1187 praetermisit
876 1094 1104 1189 dispositione
1129 1114 1226 1188 prae-

185 1205 321 1267 ventus,

499 1432 831 1499 annuamus
857 1432 916 1498 Π.

437 1560 558 1633 Moral.
591 1562 652 1629 lih.
683 1560 818 1629 XXXI.
853 1560 884 1649 fi.
908 1560 981 1631 106.

464 1674 732 1737 (natumnatum.
750 1677 778 1727 r.
786 1677 828 1727 111.
846 1672 952 1741 para.)

259 1798 298 1865 ln
321 1794 396 1866 ioh.
420 1793 481 1874 39,
509 1793 578 1865 3οε
618 1795 684 1875 „Et
709 1796 908 1887 ubieunque
933 1796 1085 1869 cadaver
1110 1797 1224 1877 suerit,

183 1896 296 1969 statim
322 1896 457 1967 adest.“

199 2042 202 2053 ·
257 1997 347 2069 Eoos
373 1998 448 2091 ipse
475 1994 650 2087 quemad
679 1991 914 2069 testimonium
937 1998 1009 2087 jam
1035 2018 1141 2092 saepe
1164 1999 1224 2089 def

181 2098 364 2180 duximus,
391 2099 533 2177 Paulus,
560 2118 640 2167 oum
663 2119 755 2169 nune
780 2098 963 2179 Iudaeam,
992 2122 1083 2171 nuno
1105 2100 1224 2173 Corin·

181 2198 293 2281 thum,
328 2222 422 2270 nuno
453 2196 647 2293 Ephesum,
683 2221 776 2271 nuno
808 2200 968 2281 Romam,
1008 2220 1121 2273 nunc
1153 2201 1223 2271 Hi·

183 2302 357 2395 spanias
386 2301 588 2393 peteret,
611 2308 649 2369 ut
675 2299 710 2368 in
737 2300 870 2393 peccati
895 2310 1006 2372 morte
1029 2300 1226 2391 jacentibus

182 2412 346 2474 aeternae
380 2402 473 2472 vitae
511 2399 656 2491 gratiam
694 2401 884 2482 nuntiaret,
922 2400 1008 2493 quid
1040 2424 1080 2474 se
1118 2401 1224 2484 aliud,

182 2526 286 2598 quam
325 2525 406 2576 esse
438 2503 588 2592 aquilam
622 2500 899 2582 demonstrabat,
935 2523 1026 2594 quae
1058 2504 1225 2580 velociter

183 2607 297 2678 omnia
321 2605 556 2684 transvolans,
584 2602 794 2694 ubicumque
817 2603 937 2695 jacens
954 2603 1104 2687 cadaver
1119 2626 1226 2695 quae·

183 2709 298 2788 rebat,
325 2716 363 2778 ut
387 2706 471 2777 dnm
498 2705 710 2777 voluntatem
735 2705 800 2776 Dei
823 2705 963 2777 lucratis
984 2705 1225 2799 peecatoribus

182 2811 327 2890 iaoeret,
350 2805 449 2901 quasi
471 2827 589 2878 escam
615 2825 715 2878 suam
743 2807 778 2876 in
804 2806 977 2878 cadavere
1002 2807 1199 2901 reperiret?

447 3116 720 3192 {smnus
740 3118 960 3188 ulem.

384 3239 437 3310 De
467 3252 541 3307 ortu
570 3252 604 3308 et
625 3239 718 3308 obitu
739 3250 880 3330 patrum.
913 3263 943 3306 e.
966 3238 1020 3307 69.

465 3349 942 3418 (Edit.Rom.1802.Tom.V.p.181.)

258 3473 400 3552 Paulus,
428 3473 487 3563 qui
502 3481 582 3544 ante
597 3472 740 3553 Sardus,
766 3472 945 3566 apostolus
970 3465 1135 3560 gentium,
1162 3469 1222 3540 ad-

182 3584 325 3645 vocatus
351 3572 575 3654 Iudaeorum,
603 3595 622 3646 a
650 3572 784 3644 Christo
807 3573 853 3647 de
876 3573 974 3645 coelo
1000 3580 1171 3652 vocatus,
1187 3572 1222 3640 in

183 3685 309 3746 terram
348 3684 557 3769 prostratus,
600 3676 660 3768 qui
692 3675 849 3746 oouiatus
881 3672 1023 3754 cecidit,
1061 3683 1222 3745 caecatus

183 3776 352 3858 surrexit,
385 3798 432 3847 ex
466 3787 714 3869 persequutore
749 3777 892 3848 effeetus
919 3783 972 3848 est
998 3796 1060 3848 vas
1082 3775 1221 3848 electio·
1263 3861 1265 3864 y

99 3959 102 3964 ¹
184 3877 255 3956 nis,
283 3899 329 3957 ex
356 3879 439 3972 lupo
465 3878 562 3958 ouis,
591 3879 679 3949 inter
705 3878 881 3971 apostolos
901 3878 1085 3950 vocatione
1103 3877 1221 3948 novis·

183 3978 310 4070 simus,
347 3979 603 4073 praedicatione
639 3980 782 4074 primus.
846 3981 884 4050 ln
918 3981 997 4072 iege
1026 3979 1221 4052 Gamalielis

181 4080 390 4174 discipulus,
428 4081 462 4182 in
476 4082 666 4175 ,evangelio
695 4079 818 4152 Christi
838 4101 974 4155 servus.
1035 4081 1139 4173 Cujus
1156 4099 1220 4174 pa·

182 4183 247 4252 tria
271 4181 421 4254 Tharsos
447 4184 527 4264 fuit,
554 4205 664 4274 genus
686 4182 874 4273 Benjamin,
