2917 4875
577 294 834 392 -ὴςγ-Ι

165 493 223 568 λος
248 485 427 559 ἀπέκτεινε.
464 494 497 556 τί
524 477 586 558 οὖν
615 483 684 557 ἀπὸ
712 482 850 558 τοότου,
866 498 979 580 γέγονε
1008 488 1135 580 βλάβος
1163 498 1210 571 τῶ

164 586 315 659 παθόντι
335 592 463 675 κακῶςς
499 591 530 657 τί
556 592 590 657 δέ
618 586 802 683 ὄφελος
766 616 822 657 τω
798 591 993 683 δράσαντι
1014 596 1142 677 mdc,-
1174 596 1210 671 τί

163 700 224 780 μὲν
248 688 307 760 οὐκ
333 688 457 785 ὄφελος
480 692 528 784 τῷ
553 686 628 759 τότε
655 686 870 812 ἀναιρεθέντι
895 690 1042 789 Παόλως
1063 722 1095 764 τι
1090 691 1205 763 ’δὲ
1168 722 1209 764 ου

163 788 292 881 βλάβος
317 799 364 861 τῶ
394 786 545 861 ἀνελόντι
573 797 724 889 Νέρωνις
761 790 824 884 οὐχ
849 792 867 863 6
894 798 998 916 μίγ“
981 794 1089 887 α’σιιερ
1114 792 1210 915 ἄγχε·

166 899 225 975 λος
245 896 418 985 πανταχοῦ
442 898 501 978 τῆς
527 890 721 981 οἰκουμένης
748 890 883 987 ᾅδεταις
908 896 951 965 τὰ
969 897 1036 989 γὰρ
1057 895 1211 991 παρόντα

165 1000 245 1077 τὲισς
271 999 348 1085 ἐρῶ.
371 1023 390 1064 ο
379 990 491 1063 ‘w
464 1021 574 1087 ωσπερ
591 992 696 1077 ὄντας
712 994 840 1083 λνμιών
859 1005 916 1067 καὶ
936 996 1107 1091 δαίμολν”
1081 1026 1209 1094 αγριος,

165 1096 250 1190 πρὸς
275 1093 405 1177 πάντας
432 1098 660 1185 διαβέβληται.

270 1258 324 1323 De
351 1254 507 1329 laudibus
536 1254 573 1321 S.
597 1256 694 1334 ΡιαΙί
716 1256 864 1347 apostoli!
880 1256 997 1330 homil,
1022 1256 1102 1322 vll.

444 1368 599 1429 (Montsauc.
618 1370 691 1419 Tom.
706 1369 737 1419 11.
754 1383 782 1433 p.
801 1366 861 1419 515.
872 1368 929 1431 inf.)

213 1484 346 1573 Ἐπειδὴ
371 1497 407 1557 τὲ
431 1494 487 1557 καὶ
512 1490 572 1572 τῆς
592 1483 769 1575 Ῥωμαίων
794 1493 903 1577 ἐπέβη,
930 1492 1026 1583 κηἀεἴ
1045 1496 1115 1571 πῶς
1126 1488 1208 1577 μετό

167 1594 336 1671 ἐπιεικείας
362 1592 568 1677 διαλίγεταις
594 1590 664 1669 πῶς
688 1587 775 1677 μετὰ
799 1595 991 1679 ἐλευθερίας
1016 1591 1096 1673 τοὺς
1119 1588 1214 1661 σἰπει·

166 1694 319 1773 θοόντας
343 1693 563 1777 ἐπιστομίζεις
597 1696 654 1757 καὶ
671 1692 756 1759 .σύδέ
778 1695 931 1762 ἐνταῦθα
954 1692 1098 1772 ἰὀταται,
1121 1689 1212 1761 ’ἄλλοί

166 1800 222 1863 καὶ
248 1797 410 1863 ἐκεῖθεν
436 1790 496 1872 εἰς
519 1787 740 1859 Ἱσπανίαν
765 1796 930 1883 λδραμι.
956 1822 986 1863 κ.
1012 1820 1042 1863 τ.
1068 1799 1099 1863 λ.

232 1961 274 2026 ln
294 1961 495 2027 Matthaeum
518 1962 606 2027 hom.
631 1961 777 2029 LXXV.
807 1963 860 2043 (ln
883 1965 985 2047 624,
1015 1962 1148 2043 1-15.)

384 2102 395 2111 -
422 2094 423 2099 “
450 2074 605 2136 (Montrauc.
622 2073 696 2124 Tom.
715 2075 813 2140 V11.p.
832 2072 884 2126 ⁷25
899 2076 930 2137 ο).

168 2201 239 2268 Καὶ
255 2194 503 2293 κηρυχθήσεται
525 2197 562 2267 τό
587 2197 778 2289 ειίειγγίλιον
791 2204 893 2290 τοῦτο
910 2202 945 2268 ἐν
959 2194 1026 2290 ὅλην
1038 2199 1086 2290 τῷ
1099 2192 1213 2289 κόσμῳ

169 2298 215 2379 εἰς
240 2297 426 2393 μαρτύριον
448 2303 533 2369 πᾶσι
557 2311 627 2383 τοῖς
653 2303 788 2372 ἔθνεσι.
821 2307 878 2369 καὶ
903 2298 986 2369 τότεΙ
1003 2294 1072 2383 ἥξει
1098 2296 1138 2365 τό
1164 2304 1215 2366 τί·

169 2404 247 2480 λος,
282 2403 321 2470 οὐ
350 2406 408 2484 τῆς
436 2402 639 2484 συντελείας,
671 2398 757 2470 ἀλλὰ
784 2403 851 2470 τῶν
869 2396 1123 2492 Ἱεροσολύμων.
1161 2394 1215 2469 ὅτι

169 2499 233 2592 γὰρ
259 2509 333 2592 περὶ
356 2503 479 2571 ἐκείνου
504 2504 609 2590 ἔλεγε,
633 2509 688 2572 καὶ
714 2500 779 2593 πρὸ
808 2507 868 2586 τῆς
894 2499 1045 2582 ἁλώσεως
1066 2499 1103 2571 τό
1120 2498 1216 2587 εὖαγ·

169 2601 280 2690 γε’λιον
305 2598 487 2692 ἐκηρύχθη,
514 2600 662 2673 ἄκουσον
690 2611 724 2672 τί
749 2630 854 2698 φησιν
870 2600 889 2671 6
907 2606 1063 2684 Παῦλος·
1091 2599 1137 2682 εἰς
1151 2603 1215 2669 ποῖ-

171 2702 307 2789 σαντὴν
324 2709 386 2794 γῆν
407 2703 546 2788 ἐξῆλθεν
564 2701 583 2773 ὁ
609 2701 770 2798 φθόγγος
786 2700 913 2774 αὐτῶν·
939 2711 996 2773 καὶ
1013 2708 1130 2782 πάλιν,
1152 2704 1215 2773 τοῦ

170 2801 361 2892 εὐαγγελίου
390 2808 451 2874 τοῦ
474 2811 699 2899 κηρυχθέντος
724 2811 759 2876 ἐν
784 2801 874 2901 πόση
901 2812 941 2902 τῇ
965 2811 1067 2873 κτίσει
1089 2810 1129 2900 τῇ
1150 2801 1215 2874 ὑπὸ

169 2904 230 2974 τὸν
254 2902 416 2998 οὐρανόν.
448 2914 503 2975 καὶ
523 2904 605 2998 ὁρᾷς
623 2903 728 2976 αὐτόν
747 2904 825 2975 σἰπὸ
842 2903 1128 2999 Ἰερουσαλὴμ
1155 2903 1216 2984 εἰς

167 3003 381 3087 Ἱσπανίας
400 3012 576 3096 τρέχοντα.
604 3005 634 3075 εἰ
653 3003 698 3086 εἷς
722 3011 888 3076 τοσοῦτον
909 3012 1012 3096 μέρος
1030 3009 1090 3090 τῆς
1107 3004 1216 3074 οἰκον·

168 3113 270 3195 μένης
282 3112 477 3194 κατέλαβεν,
506 3103 664 3189 ἐννόησον
688 3103 711 3174 ίί
735 3114 791 3176 καὶ
818 3113 851 3175 οἱ
875 3113 987 3176 λοιποὶ
1005 3106 1212 3198 εἰργάσαντο.

170 3215 227 3278 καὶ
258 3207 324 3328 γάρ
355 3215 412 3278 και
444 3212 568 3300 ἑτέροις
595 3207 736 3303 γρίφων
765 3205 919 3277 πολιν
901 3236 920 3276 ο
956 3212 1095 3287 Παῦλος
1127 3209 1215 3332 ἔλεχε

170 3317 243 3400 περὶ
260 3315 319 3378 τοῦ
339 3306 547 3398 εὐαγγελίου·
570 3305 631 3376 ὅτι
642 3311 712 3377 ἐστι
736 3334 1056 3434 καρποφορουμενον
1081 3315 1137 3379 καὶ
1156 3310 1214 3376 αὐ-

172 3406 354 3502 ξανόμενον
380 3415 415 3481 ἐν
437 3407 529 3506 πόση
555 3415 595 3506 τῇ
619 3411 721 3478 κτίσει
746 3402 790 3506 τῇ
815 3406 880 3478 ὑπό
905 3408 966 3479 τόν
991 3406 1144 3502 οὐρανόν.

411 3578 452 3643 ln
479 3577 565 3646 Αοίιι
592 3590 699 3668 apost.
728 3580 817 3662 hom,
842 3577 968 3644 XLVI.

494 3691 596 3752 (Montf.
613 3693 686 3742 Τοαι.
696 3691 737 3742 IX.
754 3706 782 3756 p.
790 3688 843 3742 349
854 3689 895 3753 ⁴1).

217 3786 394 3872 Ἰσνὸιίϊζεν
425 3784 444 3858 6
475 3793 613 3866 Παῦλος
639 3792 673 3856 ἐν
696 3784 962 3879 Ἱεροσολύμοις·
988 3782 1055 3862 ἀλλ’
1084 3790 1120 3854 ἐν
1140 3782 1214 3854 Ἀν-

170 3891 293 3982 τισχείρι
314 3886 375 3959 οὐκ
400 3891 464 3959 ἔτι.
497 3885 640 3972 ιὀυδόΐζε
674 3894 731 3958 καὶ
757 3890 1046 3970 ἐσκανδαλίζοντο,
1073 3883 1143 3956 ἀλλ’
1173 3882 1214 3956 οὗ

170 3994 305 4070 δικαίοις
317 3992 586 4075 ἐσκανδαλίζοντο
605 3994 735 4058 ἐκείνοι.
770 3992 896 4077 λέγεται
911 3994 1067 4080 Νέρωνος
1086 3995 1143 4056 καὶ
1166 3987 1216 4056 οἰ·

76 4143 79 4148 -
171 4087 292 4180 νοχόον
317 4098 373 4162 καὶ
399 4095 598 4170 παλλακίδαΙ
613 4086 783 4161 dandam·
810 4086 901 4158 πόσα
928 4093 1045 4158 οἴεσθε
1065 4091 1134 4158 κατ’
1155 4090 1215 4156 αὖ·

170 4195 231 4260 τοῦ
257 4191 417 4288 εἰρηκέναι
443 4189 566 4273 αὐτοὺς
592 4189 648 4261 διὰ
673 4194 794 4278 τοῦτος
836 4187 903 4260 ἀλλ’
933 4187 973 4262 06
1003 4193 1152 4271 δικαίως.
1185 4186 1216 4258 εἰ
