2917 4875
620 1267 727 1371 111.

157 1571 322 1676 Saeculo
357 1603 529 1683 secundo,
566 1605 667 1675 tertio
702 1614 737 1674 et
770 1605 912 1677 ineunte
938 1616 1061 1699 quarto
1091 1608 1134 1679 de
1162 1630 1202 1678 re

155 1706 240 1776 alias
266 1705 492 1800 disceptatum
520 1724 617 1786 esse,
654 1707 842 1800 scriptores
875 1709 1100 1780 ecclesiastici
1126 1731 1199 1779 om-

156 1808 238 1878 nino
265 1828 333 1877 non
361 1809 523 1878 referunt.
577 1807 730 1890 Quorum
754 1807 925 1890 inlibris,
953 1819 1121 1901 quotquot
1140 1831 1197 1880 ae·

156 1917 259 1979 tatem
285 1908 452 1990 tulerunt,
480 1904 604 1981 Paulus
630 1930 696 1979 neo
722 1909 755 1978 in
777 1908 975 2002 Hispaniam
993 1912 1198 2004 pervenisse

155 2019 384 2091 memoratur,
412 2032 477 2080 neo
502 2009 557 2082 bis
575 2010 704 2080 Rornae
731 2010 839 2081 fuisse
865 2010 1018 2081 traditur.
1060 2013 1196 2092 Contra,

154 2113 291 2183 Nerone
324 2112 513 2205 imperante
545 2112 658 2183 virum
684 2112 849 2205 martyrio
876 2122 1077 2183 coronatum
1104 2136 1196 2194 esse,

154 2214 199 2283 ab
226 2212 387 2283 omnihus
413 2212 597 2293 asseritur,
630 2210 690 2303 qui
716 2213 767 2283 rei
793 2212 1005 2313 mentionem
1029 2214 1195 2303 injiciunt.

154 2313 356 2385 Aoonratius
384 2335 458 2384 rem
483 2313 649 2427 indagare
671 2312 719 2381 illi
746 2335 817 2384 non
846 2335 948 2383 suum
976 2324 1195 2407 potaverunt,

154 2425 272 2510 utpote
306 2415 366 2506 qui
398 2437 469 2485 non
505 2414 539 2484 in
576 2413 717 2484 historia
755 2414 1007 2485 conscribenda
1045 2416 1195 2488 studium

153 2518 379 2596 oollooarent,
414 2515 477 2586 sed
511 2526 612 2608 prout
645 2537 701 2584 res
733 2515 858 2606 cuique
889 2507 1064 2609 proposito
1096 2539 1195 2587 occa·

153 2618 289 2690 sionem
314 2615 513 2712 praeberet,
549 2616 719 2708 exemplis
743 2637 789 2687 ex
812 2613 953 2687 historia
980 2618 1095 2710 petitis
1121 2627 1195 2689 nte-

153 2727 281 2790 rentur.
335 2718 424 2788 Nihil
449 2729 519 2800 est,
546 2716 641 2809 quod
664 2738 710 2787 ex
736 2715 791 2788 his
818 2717 986 2799 discatur,
1018 2718 1085 2791 nisi
1109 2717 1194 2790 Pau·

152 2820 221 2889 lom
248 2841 418 2891 unacum
444 2820 543 2892 Petro
571 2819 700 2889 Romae
724 2819 844 2888 fnisse.
874 2861 917 2870 —
945 2818 996 2890 En
1023 2820 1107 2902 looi,
1133 2821 1194 2912 qni

151 2919 219 2992 hue
249 2921 440 3014 pertinent,
471 2921 556 3014 ipsi!
587 2961 639 2976 --

529 3281 819 3348 mmmm.

224 3440 1191 3566 111.1.’ομἒυδὴΜατθαῖρςέυτοῖςΕβραοιςτῇ

147 3549 216 3643 ἰδία
241 3554 396 3642 διαλέκτῳ
424 3545 535 3618 αὐτῶν
559 3557 614 3618 καὶ
640 3546 776 3639 γραφὴυ
802 3545 965 3632 ἐξήνεγκεν
990 3545 1190 3633 εὐαγγελίου,

145 3677 207 3720 του
192 3653 360 3740 ’Πέτρου
385 3655 440 3718 καὶ
463 3675 524 3718 του
510 3646 687 3719 Παύλου
714 3653 748 3716 ἐν
764 3643 874 3743 Ῥώμῃ
895 3647 1191 3735 εὐαγγελιζομένων

145 3759 202 3820 καὶ
230 3745 475 3838 θεμελιούυτωυ
500 3749 561 3832 τὴν
585 3747 779 3832 ἐκκλησίαν
808 3746 894 3834 μετὰ
917 3751 951 3816 δὲ
978 3744 1038 3831 τὴν
1063 3775 1191 3818 τουτων

145 3853 267 3934 ἔξοδον,
295 3847 478 3942 Moioxog‘
462 3878 482 3918 o
507 3851 670 3939 μαθητης
692 3857 747 3966 κριὲ
768 3846 965 3976 έρμρυευτός
978 3855 1112 3941 Πέτρου
1132 3857 1189 3918 καὶ

144 3947 246 4031 αὐτὸς
272 3949 314 4021 τὰ
335 3949 401 4022 ὑπὸ
430 3957 562 4045 Πέτρου
581 3947 810 4046 κηρυσσόμενα
832 3945 1003 4043 ἐγγράφως
1024 3946 1104 4038 ἡμῖν
1124 3978 1188 4020 πα-

144 4055 317 4144 ρυὸέδωκε
342 4079 373 4123 κ.
399 4079 428 4122 τ.
455 4059 483 4122 λ.

488 4247 845 4260 —n————-—--
