2917 4875
169 497 316 575 buerat,
344 494 487 565 Romam
506 486 685 565 deducto?
706 488 752 559 ad
777 510 881 581 quem
906 498 980 561 tum
1000 490 1210 563 audiendum

157 596 286 690 plures
311 594 583 672 conveniebant,
609 593 670 684 qui
695 591 843 663 tentate
863 591 1051 674 intellecta,
1078 593 1210 666 anub·

169 696 307 788 busque
339 696 589 790 apostolorum,
632 714 720 785 quas
750 700 824 762 tum
855 691 982 764 crebro
1017 694 1209 778 ediderant,

170 796 332 893 permoti,
359 798 404 869 ad
430 797 558 869 cultum
583 794 648 864 Dei
674 816 755 866 sese
781 793 1017 865 conterebant
1074 796 1210 869 Etenim

170 910 244 969 tam
269 897 411 971 illustris
437 898 493 967 illa
520 896 690 969 adversus
717 896 895 967 Simonem
920 895 1011 966 Petri
1037 918 1079 969 ac
1103 898 1209 969 Paulli

171 1001 372 1091 congressio
404 1000 482 1069 suit.
521 1000 582 1090 qui
614 1020 694 1069 eum
725 998 868 1089 magicis
900 998 1051 1080 artibus,
1097 1009 1134 1071 ut
1169 1020 1211 1071 se

171 1103 281 1173 Deum
308 1101 486 1194 probaret,
515 1100 653 1172 duobus
677 1099 836 1169 suffultus
861 1098 1053 1172 daemoniis
1075 1101 1210 1173 evolas-

172 1212 236 1284 set,
263 1202 475 1273 erationibus
489 1202 724 1295 apostolerum
742 1199 866 1291 iugatis
884 1198 1123 1283 daemonibus,
1150 1204 1210 1274 de·

171 1306 289 1398 lapsus
305 1304 340 1373 in
361 1312 504 1391 terram,
531 1302 660 1397 populo
676 1301 892 1395 inspectante
904 1300 1081 1396 disruptus
1095 1313 1149 1375 est
1166 1301 1209 1399 ¹).

172 1407 305 1477 Interea
339 1404 539 1477 abundante
575 1404 646 1495 jam
673 1401 950 1477 uhristianorum
981 1404 1210 1487 multitudine,

171 1506 297 1578 accidit
319 1514 356 1575 ut
370 1508 477 1579 Roma
506 1502 666 1584 incendio
693 1502 938 1597 conflagraret,
959 1504 1099 1578 Nerone
1119 1508 1212 1600 apud

171 1607 311 1678 Antium
350 1608 554 1679 constituto.
600 1606 663 1677 sed
703 1606 821 1699 opinio
859 1608 1013 1678 omnium
1046 1608 1211 1678 invidiam

171 1708 324 1781 incendii
356 1709 393 1779 in
424 1709 614 1803 principem
653 1708 892 1799 retorquebat,
934 1708 1213 1801 credebaturque

173 1812 361 1905 imperator
386 1810 530 1901 gloriam
556 1809 777 1880 innovandae
802 1810 900 1881 urbis
925 1811 1124 1902 quaesisse.
1151 1832 1213 1883 ne·

119 1949 127 1955 ·
172 1934 242 2005 que
268 1913 337 1983 ulla
364 1932 401 1982 re
424 1912 515 1982 Nero
542 1908 730 1991 efficiebat,
758 1911 842 2002 quin
867 1912 913 1981 ab
938 1932 983 1982 eo
1006 1913 1142 2002 jussum
1161 1912 1213 1982 in·

174 2010 336 2086 cendium
368 2022 553 2107 putaretur.
611 2012 716 2102 Igitur
741 2011 845 2082 vertit
870 2012 1034 2084 invidiam
1060 2014 1096 2083 in
1118 2012 1213 2085 Chri·

173 2116 322 2197 stiones,
357 2124 524 2207 actaeque
555 2113 591 2182 in
624 2113 787 2184 innoxios
818 2113 1080 2187 crudelissimae
1108 2134 1214 2208 qnae·

174 2218 324 2289 stiones.
359 2216 442 2309 quin
474 2224 509 2286 et
534 2234 648 2285 novae
673 2223 802 2286 mortes
829 2217 1062 2306 excogitatae,
1099 2227 1137 2287 ut
1164 2218 1214 2287 lo·

172 2336 290 2389 rarum
305 2317 412 2409 tergis
428 2316 579 2388 contecti
595 2314 725 2385 laniatu
744 2334 869 2387 eanum
892 2316 1089 2388 interirent.
1116 2318 1214 2387 multi

172 2418 336 2492 crucibus
355 2415 468 2498 altini,
496 2425 554 2489 aut
579 2416 722 2490 flamma·
740 2416 827 2488 usti:
853 2418 1010 2514 plerique
1035 2419 1071 2489 in
1099 2419 1136 2491 id
1160 2441 1215 2490 re·

172 2521 322 2602 servati,
358 2529 394 2592 ut
420 2541 501 2590 eum
526 2517 715 2591 deiecisset
735 2518 832 2600 dies,
865 2520 901 2590 in
928 2542 1030 2591 usum
1056 2521 1215 2594 nocturni

173 2621 312 2693 luminis
344 2629 538 2692 urerentur.
599 2621 683 2692 Hoc
715 2619 843 2691 initio
868 2621 912 2691 in
936 2619 1214 2695 Christianos

172 2723 337 2796 saeviri
369 2730 587 2817 coeptum.
624 2727 701 2816 post
726 2723 832 2792 etiam
858 2721 948 2794 datis
974 2722 1111 2814 legibus
1134 2725 1214 2795 reli·

173 2827 230 2918 gio
257 2824 456 2905 vetabatur,
489 2823 671 2917 palamque
697 2822 822 2894 edictis
848 2826 1033 2919 propositis
1053 2823 1214 2897 Christia-

172 2945 256 2998 num
280 2947 363 2997 esse
388 2947 459 2995 non
485 2925 620 2996 licebat.
672 2923 969 2997 TumPanllus
994 2935 1036 2996 et
1060 2926 1214 2999 Petrus

172 3027 329 3122 capitis
359 3023 624 3122 damnati²):
668 3045 818 3116 quorum
851 3026 911 3095 uni
943 3027 1065 3099 ceruix
1097 3027 1213 3118 gladic

174 3128 336 3210 desecta,
362 3128 482 3200 Petrus
508 3128 543 3196 in
566 3147 709 3198 emnem
729 3126 885 3197 sublatus
903 3137 968 3199 cst.
1003 3127 1110 3200 llum
1128 3126 1215 3202 haec

173 3230 302 3301 Romae
338 3238 523 3320 geruntur,
562 3227 682 3298 ludaei
714 3228 884 3320 praesidis
916 3230 971 3300 sui
1001 3231 1092 3302 Festi
1123 3227 1214 3302 Flori

172 3331 316 3423 injurias
343 3351 414 3402 non
446 3332 618 3409 ferentes,
650 3327 821 3400 rebellare
852 3342 1057 3424 coeperunt.
1089 3329 1214 3405 adter-

228 3589 248 3654 ¹)
274 3593 314 3644 De
333 3591 442 3644 simona
460 3593 537 3658 uago
556 3594 601 3646 alii
620 3595 699 3647 aliam
716 3595 837 3648 sahulem
856 3597 1070 3660 proposuerunt.
1104 3594 1147 3646 Ab
1161 3596 1215 3661 Eu7

175 3661 253 3714 sebio
278 3661 330 3714 soli
346 3663 428 3713 ‘Petro
446 3662 577 3715 victoriae
596 3665 630 3715 de
650 3679 683 3717 eo
701 3667 856 3730 reportatae
873 3664 962 3715 bonor
978 3663 1141 3716 vindicatur.
1180 3666 1215 3718 11-

173 3732 231 3783 lum
256 3731 328 3783 enlm
352 3731 503 3796 imperante
527 3733 639 3788 Claudio
664 3734 743 3788 Urbis
766 3734 873 3786 incolas
893 3738 1019 3784 onomate
1038 3735 1213 3798 evangelion

173 3801 252 3866 trago
277 3800 412 3852 evenisse
436 3799 577 3854 memorat.
618 3801 658 3854 De
683 3803 743 3866 ejus
768 3805 856 3854 morte
880 3803 954 3868 apud
979 3802 1128 3854 Eusebium
1150 3804 1215 3858 nibli

165 3867 393 4002 -mpffldtssgmeg'
410 3867 776 4005 goffiiiiiuli'suspnarus
800 3943 856 4002 est,
884 3954 916 3992 ex
944 3938 1056 4005 sulpicii
1082 3938 1215 3992 sententia

171 4007 288 4060 caedem
309 4007 524 4062 desuanorum
546 4014 576 4062 et
596 4013 712 4061 mortem
734 4011 924 4074 apostolorum
945 4012 1069 4074 tempore
1090 4009 1161 4061 inter
1183 4021 1215 4061 se
1247 4043 1251 4047 -

173 4077 283 4132 notua
319 4078 374 4132 Sed
395 4079 450 4132 boc
472 4079 582 4134 minime
607 4079 661 4134 sibi
682 4079 821 4132 suissuia
839 4083 942 4142 mente,
966 4083 1064 4132 auctor
1084 4079 1215 4134 manavit

171 4159 245 4267 papea
262 4147 363 4276 ,Qud
382 4161 463 4213 quam
482 4147 517 4200 od
535 4151 604 4213 „hoe
621 4147 714 4203 initio⁴‘
732 4147 873 4216 respicere
893 4151 1007 4201 conant.
1044 4145 1081 4199 Cf.
1093 4138 1214 4212 aaaron,

185 4255 191 4267 .
212 4257 216 4268 .
234 4229 263 4282 p.
328 4255 334 4266 .
