2917 4875
651 295 864 359 *3⁰—

239 484 305 535 css.
335 460 382 555 (p.
399 460 475 535 Chr.
503 486 534 535 a.
553 460 631 560 ol.)
657 488 677 535 a
703 466 842 535 Nerone
868 462 1016 535 excitata
1043 470 1098 533 est
1122 470 1276 541 causato,

238 561 449 636 Christianos
485 567 611 639 iecisse
641 567 857 646 incendium,
893 584 964 654 quo
996 560 1071 655 ipse
1107 584 1152 633 eo
1185 582 1276 635 anno

238 665 365 738 Urbem
387 672 584 740 vastaverat
604 664 646 761 ¹).
700 668 802 752 Quod
826 665 1025 738 eamiuisse
1050 684 1177 734 ausum
1200 684 1277 735 cae·
1339 735 1341 738 .

237 766 291 838 dis
317 789 407 839 uuus
433 768 568 842 Tacitus
601 770 788 841 memoriae
821 766 977 846 tradidit,
1016 765 1138 856 reliqui
1171 763 1276 835 histo·

236 868 299 940 rici
325 869 535 952 omiserunt,
571 870 722 942 Eusebio
748 870 890 962 quidem
913 868 1013 939 facile
1036 876 1171 959 poterat
1196 886 1276 937 6666

237 970 271 1040 iu
304 972 436 1043 caussis
468 974 615 1055 erroris;
652 994 714 1066 pro
746 974 948 1043 auctoritate
980 978 1095 1039 tamen
1123 968 1199 1041 talis
1226 976 1276 1037 te·

238 1071 299 1142 stis
330 1071 380 1141 rei
402 1070 490 1145 fides
517 1074 657 1145 minime
684 1074 764 1145 ideo
789 1074 1009 1146 detrectatur.
1101 1107 1106 1114 ·

310 1172 478 1267 Tempore
517 1177 619 1267 igitur
657 1175 745 1246 intra
772 1196 894 1247 verum
931 1172 1078 1267 spatium
1110 1169 1275 1249 coercito,

235 1272 279 1343 de
314 1273 440 1347 ultimis
473 1278 572 1349 anuis
606 1278 698 1347 vitae
731 1277 826 1347 Pauli
855 1278 956 1370 plane
992 1273 1058 1343 alia
1093 1272 1195 1344 nobis
1226 1272 1275 1341 le·

149 1374 152 1385 “
235 1374 343 1447 reuda
369 1377 434 1448 erit
457 1379 626 1450 sententia
652 1387 757 1469 atque
784 1377 946 1449 Eusebio.
1000 1375 1087 1445 Nam
1109 1391 1218 1465 quum
1242 1392 1274 1441 a.

236 1476 295 1547 til.
323 1498 425 1550 aerae
443 1491 585 1553 nostrae
600 1481 745 1550 Romam
763 1478 944 1550 advenerit
963 1478 1153 1571 apostolus,
1170 1497 1202 1545 n.
1213 1474 1273 1547 63.

235 1578 339 1648 etiam
365 1579 400 1651 in
430 1582 586 1653 custodia
614 1592 791 1653 teneretur
813 1578 865 1672 (id
891 1578 987 1672 quod
1010 1581 1121 1650 Lucas
1144 1577 1276 1665 docet),

235 1681 394 1770 sequenti
420 1702 511 1753 anno
538 1682 658 1755 ultimo
681 1683 849 1777 supplicio
869 1683 914 1753 sit
929 1680 1092 1752 affectusz
1119 1700 1166 1747 ex
1183 1677 1275 1747 Urbe

207 1778 313 1850 'eum
351 1803 514 1874 umquam
550 1783 676 1878 pedem
712 1784 897 1863 extulisse,
938 1782 1017 1874 quis
1044 1781 1168 1853 Hercle
1200 1802 1275 1851 cre·

233 1881 310 1952 dat!
364 1882 491 1977 Elapso
517 1886 575 1956 illo
602 1885 745 1956 biennio
771 1886 884 1955 virum
908 1883 1057 1955 libertati
1073 1883 1275 1973 neutiquam

234 1982 407 2055 redditum
433 2009 531 2065 6666,
557 1988 599 2058 iis
626 1988 748 2059 saltem
775 1994 909 2058 certum
944 2008 1025 2057 6666
1057 1985 1180 2076 debet,
1214 1984 1275 2074 qui

233 2085 374 2155 alteram
414 2088 458 2159 ad
505 2087 722 2159 Timotheum
768 2088 950 2181 epistolam
984 2109 1070 2159 vere
1099 2085 1275 2156 Paulinam

233 2186 501 2284 existimarim).
563 2189 667 2270 Vide,
708 2189 833 2260 eodem
862 2211 971 2268 anno,
1004 2210 1074 2281 quo
1100 2186 1275 2259 Eusebius

233 2286 418 2359 liberatum
452 2312 531 2360 eum
565 2291 775 2362 discessisse
809 2289 988 2385 perhibet,
1024 2291 1100 2383 ipse
1131 2288 1176 2359 dc
1210 2304 1275 2379 spe

234 2388 400 2461 libertatis
420 2393 679 2488 recuperandae
706 2414 850 2487 prorsus
879 2415 918 2464 se
944 2392 1142 2464 decessisse
1169 2398 1272 2462 testa-

234 2502 298 2562 tur.
351 2492 392 2562 Ut
412 2516 497 2564 vero
523 2494 611 2566 banc
638 2497 819 2589 epistolam
842 2498 974 2567 calamo
1001 2495 1094 2565 Pauli
1121 2492 1274 2564 tribuere

234 2593 390 2674 dubites,
421 2595 611 2668 dummodo
637 2599 671 2667 in
699 2598 939 2690 computandis
964 2597 1064 2668 annis
1089 2615 1273 2666 concesse·

234 2696 282 2766 ris
309 2717 347 2765 se
373 2698 536 2770 lelellisse
563 2699 770 2780 Eusebium,
799 2721 869 2770 nou
895 2721 1020 2771 vereor
1050 2708 1088 2768 ut
1115 2695 1272 2785 religioni
1294 2757 1299 2759 Δ

233 2796 361 2876 66636,
406 2799 583 2892 limpidum
616 2823 734 2872 rerum
769 2810 943 2892 gestarum
981 2801 1110 2873 iontem
1143 2797 1273 2867 babere

118 2977 120 2984 ¹
234 2899 359 2970 lamam
384 2900 539 2994 pluribus
567 2904 716 2974 sacculis
743 2913 821 2996 post
845 2912 978 2973 temere
1006 2902 1229 2992 divulgatam.

304 3113 324 3177 ι)
360 3119 441 3178 Quod
457 3117 639 3169 recentiorum
650 3118 772 3168 nonnulli
785 3118 974 3183 susplcautur‚
992 3118 1020 3168 in
1031 3116 1199 3168 Christianos
1210 3118 1273 3182 ‹ruri-¹

233 3186 296 3236 dam
314 3200 338 3237 a.
356 3185 506 3239 641166666
526 3188 675 3248 saevitum,
700 3188 813 3238 Paulum
834 3203 902 3240 vero
921 3203 945 3239 3.
962 3189 995 3237 67
1016 3187 1127 3237 demum
1143 3187 1274 3238 interem-

232 3257 309 3320 ptum
333 3269 409 3316 esse,
437 3269 527 3320 neque
550 3270 582 3307 ex
604 3255 737 3316 Eusebio,
767 3270 818 3308 uec
843 3259 898 3308 ullo
923 3255 1056 3320 scriptore
1081 3255 1272 3306 ecclesiastico

233 3324 412 3376 hauriendum
438 3329 489 3378 est.
533 3325 573 3376 hd
596 3339 681 3376 nuum
708 3325 780 3376 euim
803 3339 900 3378 omnes
926 3328 1068 3390 utrumqne
1092 3337 1151 3375 rem
1175 3325 1272 3376 eodem

232 3396 356 3459 ternpore
375 3394 513 3448 accidisse
531 3396 640 3446 docent
680 3395 788 3447 Diserta
806 3397 860 3446 hoc
878 3396 1014 3447 indicatur
1031 3395 1109 3445 titulo
1128 3395 1213 3459 capiti
1229 3393 1273 3445 25.

232 3461 344 3514 Eusebii
363 3463 501 3531 praefixo:
529 3463 596 3532 Περὶ
620 3466 668 3514 τοῦ
694 3459 761 3514 κατὰ
785 3463 898 3534 Νέρωνα
923 3464 1053 3528 διωγμοῦ,
1077 3458 1151 3512 καθ’
1171 3455 1209 3518 ὃν,
1231 3461 1274 3512 ἐπὶ

231 3525 330 3597 ‘Polam
352 3531 461 3591 Παῦλος
483 3532 528 3586 sal
549 3533 651 3600 Πέτρος
674 3537 728 3589 τοῖς
747 3528 814 3601 ὑπὲρ
831 3530 960 3596 εὐσεβείας
978 3531 1133 3601 μαρτυρίοις
1152 3547 1273 3584 6666666-

232 3597 368 3668 plepem,
404 3605 491 3656 lmmo
514 3603 562 3670 qui
579 3617 661 3655 verns
682 3604 814 3670 temporis
830 3605 950 3656 rationes
969 3606 1179 3670 perspexerunt,
1204 3605 1273 3654 oro-

184 3715 187 3723 ,
234 3671 293 3722 sius
312 3675 339 3721 et
356 3671 494 3738 Sulpicius
520 3675 655 3734 Severus,
678 3673 790 3726 Paulum
813 3676 841 3724 et
856 3676 966 3725 Petrum
987 3672 1069 3723 simul
1087 3684 1151 3722 cum
1170 3672 1271 3723 ceteris

233 3739 392 3792 Christianis
412 3757 435 3793 a.
451 3741 483 3793 64
504 3742 614 3794 occisos
635 3755 698 3794 6666
715 3747 874 3794 memorant.

302 3806 325 3870 2)
360 3811 493 3878 scriptam
523 3825 581 3862 earn
605 3825 669 3862 esse
694 3814 808 3863 exeunte
833 3815 936 3864 aestate
960 3810 1022 3861 anni
1046 3807 1080 3861 63
1105 3811 1273 3862 Wieselsrus

234 3877 315 3930 docet
330 3881 347 3930 1.
364 3882 380 3930 l.
400 3895 425 3946 p.
444 3877 503 3934 478.
