2917 4875
659 304 851 369 ..9-

238 480 359 551 stolam
386 496 429 547 eo
457 436 611 572 tempore
637 477 865 569 conscriptam
896 498 987 558 esse,
1012 498 1083 568 quo
1105 478 1208 558 Nero,
1235 477 1273 546 li·

236 590 291 651 oet
310 578 420 671 primo
440 580 555 649 lurore
575 576 745 665 mitigato,
764 577 975 649 Christianos
991 579 1153 671 persequi
1170 579 1273 670 etiam

236 691 495 773 perseveraret,
537 678 667 749 scilicet
701 680 759 748 vel
792 687 944 750 exeunte
975 698 1007 746 a.
1031 677 1092 749 6²1.
1118 680 1175 748 vel
1201 680 1273 749 ine·

148 796 152 803 '
223 790 318 853 unte
351 800 383 848 a.
418 780 478 851 65.
506 800 609 851 aerae
641 788 792 850 nostrae.
851 779 952 861 Quod
978 779 1006 849 si
1034 791 1129 850 recte
1155 780 1273 849 obser·

202 904 206 909 ¹
236 882 330 952 vavit
355 880 409 949 vir
435 882 576 960 doctus,
600 880 786 951 Clementis
812 881 901 950 liber
926 880 1048 950 saltem
1066 880 1275 971 documento

237 992 307 1062 est,
331 982 471 1051 Paulum
495 1003 563 1051 uua
589 981 666 1051 vice
695 990 829 1051 mutum
848 981 978 1051 Romae
993 980 1182 1051 luisseneo
1200 1004 1274 1051 rur·

237 1106 297 1155 sus
330 1081 420 1152 iude¹
443 1104 623 1173 egressum
651 1104 744 1153 esse.
815 1082 884 1153 Setl
916 1082 1008 1152 unde
1044 1080 1110 1152 hoo
1146 1081 1275 1152 babet?

236 1186 386 1255 Primum
412 1184 541 1255 litteras
568 1182 659 1253 hand
686 1184 731 1253 ita
758 1185 866 1254 mullo
892 1193 971 1277 post
992 1183 1085 1253 Pauli
1111 1184 1275 1275 epistolas

237 1283 470 1355 Corinthiacus
502 1284 606 1355 docet
630 1284 729 1355 datas
755 1307 838 1355 esse
862 1285 1073 1375 (turbatores
1093 1285 1186 1355 enim
1212 1284 1275 1355 Co·

237 1385 425 1458 rintbiacae
453 1386 622 1457 ecclesiae
648 1386 749 1479 plane
777 1386 920 1457 eosdem
946 1408 985 1455 se
1010 1386 1194 1477 praebere,
1225 1395 1276 1454 at·

237 1508 306 1579 que
338 1487 432 1583 Pauli
460 1486 680 1557 adversarios
694 1488 805 1557 titulo
831 1496 865 1559 cl
888 1494 950 1557 τοῦ
974 1491 1126 1579 Χριστοῦ
1151 1487 1276 1577 gloria·

237 1583 329 1683 tos);
367 1588 497 1658 deiude
537 1588 749 1657 Clementem
781 1598 861 1659 ante
894 1585 1133 1680 Hierosolyma
1167 1609 1276 1680 expu-

237 1698 338 1781 gnata
367 1689 550 1781 scripsisse
576 1688 748 1778 colligite
774 1690 893 1760 verbis
907 1693 939 1775 S.
955 1688 1015 1757 tt.
1043 1688 1274 1759 exstantibus:

240 1789 287 1861 ol
322 1798 493 1881 πανταχοῦ
524 1800 774 1887 προσφέρονται
804 1798 927 1861 θυσίαι
960 1795 1276 1880 incitamentum...

238 1896 304 1963 ἀλλ’
339 1898 372 1962 ἐν
394 1890 615 1983 Ἰερουσαλὴμ
642 1892 749 1989 μόνῃς
784 1892 892 1961 verba
920 1891 1060 1962 demum
1086 1890 1133 1961 Δι’
1168 1892 1277 1987 αἰφνὶ·

238 1999 330 2073 &love
365 1999 421 2063 καὶ
453 1992 657 2078 ἐπαλλήλους
682 2000 861 2082 γενομένας
894 1991 975 2081 ἡμῖν
1012 1993 1189 2088 συμφορὰς
1221 2001 1278 2062 καὶ

237 2090 503 2185 παρεμπτώσεις,
531 2091 659 2182 quibus
686 2099 808 2163 auctor
833 2094 868 2162 in
892 2094 989 2163 initio
1008 2093 1173 2184 epistolae
1194 2114 1278 2161 usus

191 2206 196 2224 “
238 2204 294 2265 cst
319 2195 457 2265 veniam
479 2212 599 2263 morae
626 2194 813 2285 petiturus,
839 2194 885 2263 ad
911 2194 1082 2263 funestam
1103 2193 1195 2262 illam
1209 2194 1278 2263 ola·

238 2296 319 2365 dem
345 2314 376 2361 a.
405 2292 466 2364 611.
500 2302 658 2385 spectare
688 2306 819 2365 censet.
852 2334 903 2345 -·
940 2295 1067 2364 Verum
1098 2295 1278 2363 enimvero

239 2399 423 2488 quominus
460 2392 665 2466 Soheulrelic
700 2394 936 2490 adstipuleris,
977 2396 1118 2467 obstare
1149 2394 1278 2487 aliquid

239 2497 389 2569 videtur.
451 2496 572 2588 Neque
599 2497 691 2567 enim
718 2496 934 2568 Corinthiaca
961 2497 1104 2568 dissidia
1126 2519 1191 2567 nec
1218 2517 1279 2566 au·

146 2601 150 2609 '
238 2595 371 2689 gustiac
396 2598 569 2668 Romanae
596 2599 766 2668 ecclesiae
793 2599 875 2668 satis
901 2599 1061 2668 distincte
1087 2597 1279 2690 depingun-

240 2709 315 2777 tur,
342 2707 379 2768 ul
404 2698 453 2769 de
476 2707 588 2768 aetate
614 2698 693 2767 libri
720 2709 816 2769 certo
839 2708 991 2769 statuere
1017 2719 1137 2789 queas.
1171 2700 1278 2768 lmmo

241 2821 323 2868 num
340 2798 460 2870 verbis
479 2809 728 2892 προσφέρονται
756 2803 878 2870 θυσίαν
902 2799 1076 2892 prodatur,
1105 2800 1278 2870 incolume

239 2909 318 2988 tunc
344 2899 481 2970 stetisse
508 2900 683 2992 templum,
711 2923 791 2970 cum
817 2896 1112 2996 Scbliemann01)
1139 2901 1201 2970 vix
1217 2899 1287 2993 poi

239 3000 321 3070 teris
349 3021 418 3070 non
445 3021 574 3071 vocare
601 3001 635 3069 iu
662 3001 827 3082 dubium,
863 3002 923 3071 ubi
945 3011 1060 3072 tecum
1086 3002 1278 3096 perpende·

238 3102 309 3181 ris,
338 3101 547 3171 Clementem
576 3103 714 3194 saepius
737 3103 923 3195 perbibere
950 3103 1039 3173 dicta
1067 3124 1113 3172 ex
1133 3102 1278 3196 epistola

237 3202 282 3272 ad
309 3201 486 3273 Hebraeos
512 3203 625 3294 petita.
684 3203 769 3272 Eam
794 3214 874 3274 ante
902 3203 1140 3297 Hierosolyma
1166 3204 1279 3274 diruta

234 3305 305 3394 jam
329 3305 457 3373 Romae
484 3305 690 3386 innotuisse,
719 3325 824 3394 aegre
851 3304 1015 3374 creditur.

314 3405 408 3474 Licet
443 3427 530 3504 nero
564 3405 609 3476 de
639 3417 752 3476 aetate
779 3407 946 3499 epistolae
967 3407 1022 3476 vir
1046 3405 1136 3476 male
1161 3405 1278 3499 dispu-

238 3506 380 3586 taverit,
419 3506 560 3576 minime
592 3507 753 3577 omnibus
781 3508 929 3579 eandem
957 3517 1073 3577 notam
1100 3507 1180 3579 ideo
1207 3529 1278 3576 me-

240 3609 351 3678 ruisse
370 3606 567 3686 videbitur,
596 3608 689 3698 quod
707 3609 918 3680 Clementem
940 3608 986 3678 de
1003 3609 1164 3701 Hispania
1184 3607 1278 3699 loqui

240 3719 340 3798 negat
367 3703 413 3803 ²).
476 3707 679 3800 Quanquam
715 3709 750 3780 id
782 3712 849 3780 alio
883 3710 988 3781 modo
1021 3708 1278 3802 assequendum

313 3979 333 4040 1)
369 3984 397 4032 ln
415 3982 503 4034 libro:
530 3977 579 4034 ou
598 3978 769 4034 bicumllutn.
791 3980 880 4045 bamb.
901 3983 976 4036 lsstl.
1001 3998 1028 4048 p.
1045 3982 1187 4038 loe—11.
1205 3983 1278 4038 litote.

307 4048 329 4111 2)
366 4052 525 4102 sobeukelio
545 4052 640 4114 judice
663 4053 730 4102 Urbs
753 4047 785 4102 τὸ
807 4053 891 4119 τέρμα
907 4055 955 4117 τῆς
971 4049 1067 4108 δύσεως
1085 4058 1217 4120 appellata
1236 4061 1279 4107 ost

240 4124 369 4186 respectu
394 4121 469 4172 Pauli
491 4121 599 4184 babilo,
630 4123 729 4185 utqui
758 4122 932 4174 Occidentem
957 4135 1059 4174 versus
1077 4126 1146 4175 ultra
1168 4128 1277 4176 Romam

166 4225 169 4232 ·
240 4205 293 4242 nou
311 4190 474 4255 pervenerit.
511 4189 547 4240 Cl.
566 4193 582 4239 l.
600 4192 615 4240 l.
634 4206 660 4255 p.
679 4191 719 4242 75.
