2917 4875
813 74 829 107 S

614 238 998 362 ..5,..’κ

185 453 382 547 Hispaniam
406 456 621 546 pervenisse.
675 454 771 537 Quae
797 455 828 526 si
855 476 937 525 vera
963 455 1152 526 verborum
1170 458 1226 527 vis

185 564 260 635 ast,
301 556 487 627 Clementis
523 557 719 627 testimonio
752 556 937 648 probatur,
976 557 1169 650 apostolum
1204 580 1225 628 e

184 656 341 727 custodia
375 656 544 738 Romana,
578 678 683 749 quam
708 656 819 728 Luca's
847 658 883 727 in
909 658 1004 729 Actis
1030 658 1160 747 attigit,
1184 659 1225 727 li·
1278 670 1280 675 ·

184 756 341 827 beratum
366 778 466 842 esse3
503 779 583 828 nam
616 768 802 848 antequam
834 760 963 829 Romae
993 759 1110 838 luerit,
1144 781 1225 830 enm

185 878 255 927 non
287 858 482 951 suscepisse
518 860 583 931 iter
612 859 852 953 Hispanicum,
889 862 967 932 luce
1000 860 1126 931 clarius
1158 871 1223 932 est.

185 956 318 1031 Primus
361 958 450 1031 hanc
489 960 696 1031 sententiam
736 962 916 1053 professus
953 969 1009 1031 est
1042 961 1226 1032 Pearso-

185 1061 304 1141 nius,
338 1060 398 1153 qui
430 1060 465 1130 in
494 1062 678 1132 annalibus
704 1062 856 1133 Paulinis
884 1063 1011 1156 (Opera
1033 1059 1145 1154 posth.
1169 1063 1224 1134 ed.

184 1160 353 1234 Dodwell.
396 1162 503 1233 Lond.
534 1159 648 1257 1688)
675 1162 719 1232 ad
752 1184 881 1232 annum
907 1166 943 1235 9.
968 1173 1002 1234 et
1030 1163 1102 1232 1οῥ
1118 1164 1225 1235 Nero·

187 1263 259 1342 nis,
286 1284 389 1334 aerae
416 1262 627 1335 Christianae
655 1263 727 1345 63,
757 1262 844 1334 haec
869 1262 1061 1335 annotavit:
1102 1264 1227 1345 „Cum-

187 1386 288 1455 „quc
302 1364 373 1454 jam
399 1386 461 1457 per
488 1365 666 1437 biennium
692 1366 727 1435 in
754 1365 859 1435 domo
885 1366 1056 1437 conducta
1074 1366 1226 1437 Verbum

186 1465 274 1545 „Dei
298 1466 407 1536 libere
433 1466 687 1559 praedicasset,
723 1466 831 1536 Roma
859 1468 944 1536 exiit
975 1465 1010 1537 et
1035 1466 1071 1535 in
1097 1467 1225 1540 ltaliam

186 1565 348 1660 „proprie
370 1566 497 1638 dictam
523 1566 685 1648 secessit,
713 1568 775 1637 ubi
788 1577 996 1661 exspectans
1010 1566 1225 1639 Timotheum

186 1668 347 1761 „scripsit
379 1667 566 1762 Epistulam
598 1668 643 1740 ad
671 1669 860 1740 Hebraeos.
924 1668 1141 1740 Adveniente
1161 1670 1226 1739 'Ti-

186 1767 350 1849 „motheo
373 1790 420 1839 ex
442 1770 534 1839 ltalia
561 1772 736 1863 proiectus
759 1779 816 1841 est
843 1771 878 1839 in
905 1771 1124 1863 Hispaniam,
1151 1793 1225 1864 quo

185 1871 336 1950 „iturum
368 1871 572 1941 sedixerat
606 1872 641 1940 in
672 1871 824 1965 Epistola
858 1871 904 1942 ad
936 1873 1135 1943 Romanosz
1182 1873 1226 1942 Et
1290 1896 1299 1915 ,

186 1979 304 2052 „certe
330 1991 408 2041 cam
434 1972 613 2061 regionem
645 1972 748 2052 vidit,
781 1993 885 2062 quam
904 1971 1070 2043 ‘Clemens
1102 1974 1225 2044 Roma·

185 2094 275 2153 „nus
308 2072 384 2161 ejus
415 2068 537 2143 itinera
573 2093 850 2144 commemorans
880 2073 1028 2167 appellat
1053 2074 1093 2142 τὸ
1110 2085 1226 2167 Δτέρμοι

186 2180 268 2259 „rag
293 2174 450 2256 ddecegf‘
503 2172 637 2243 Deinde
665 2183 849 2267 postquam
874 2176 1068 2267 apostolum
1094 2176 1129 2244 in
1145 2177 1226 2246 Cre·

184 2284 271 2354 tam,
303 2275 499 2354 Graeciam,
534 2272 652 2346 Asiam
685 2296 724 2345 se
758 2276 947 2347 contulisse
977 2274 1128 2365 indeque
1160 2276 1225 2346 Ro·

183 2395 274 2444 mam
300 2395 481 2446 reversum
514 2374 593 2447 e'sse
626 2375 744 2446 docuit
776 2374 827 2467 lid
860 2376 955 2468 quod
987 2397 1034 2446 ex
1065 2377 1223 2470 epistolis

182 2477 228 2568 ad
256 2473 470 2546 Timotheum
506 2488 541 2547 et
572 2477 682 2546 Titum
714 2474 804 2546 datis
834 2474 997 2571 colligit),
1040 2477 1225 2549 Clementis

181 2576 301 2648 verbis
335 2573 553 2669 μαρτυρήσας
586 2583 639 2648 ἐπὶ
669 2583 736 2646 τῶν
766 2576 960 2667 ἡγουμένων
988 2577 1100 2658 nistra,
1138 2576 1225 2651 haec

182 2689 320 2749 monet:
357 2679 420 2758 -,‚S.
440 2679 565 2750 Paulus
584 2676 678 2766 (cum
699 2673 816 2772 Petro)
830 2679 950 2764 ultimo
962 2679 1110 2750 Neronis
1122 2676 1224 2750 Anno

183 2779 407 2872 ,Martyrium
433 2780 523 2850 lacit.
584 2775 725 2850 Factum
752 2789 866 2849 autem
893 2781 929 2851 id
955 2788 1010 2850 est
1032 2781 1097 2850 sub
1123 2780 1224 2852 Prae·

183 2880 306 2962 „fectis
329 2881 364 2948 in
392 2882 496 2961 urbe,
525 2890 562 2950 ut
588 2869 924 2952 testatur'clcmens
951 2881 1136 2962 Remanus,
1163 2883 1224 2952 ab·

184 2989 308 3063 „sente
328 2981 461 3053 seilicet
481 2983 637 3060 Nerone,
665 2981 842 3051 Februarii
868 2981 926 3052 die
952 2979 1038 3052 22⁶⁶
1091 2985 1224 3076 Nempe
1248 3010 1252 3014 -

180 3102 304 3152 vocem
333 3081 524 3172 ἡγουμένων
557 3091 678 3153 censat
692 3080 755 3150 kad
788 3081 980 3172 Tigillinum
1007 3093 1164 3176 spectare
1188 3084 1223 3154 et

181 3184 346 3253 Sabinum
372 3183 595 3274 Haliumque,
623 3182 751 3274 quibus
775 3183 868 3253 Nero
895 3185 929 3252 in
947 3185 1126 3256 Graeciam
1143 3206 1223 3278 pro·

180 3287 291 3356 lectus
319 3305 489 3355 summam
516 3307 632 3355 rerum
658 3284 878 3355 commiserat
898 3281 942 3382 ¹).
996 3286 1063 3355 Alii
1089 3287 1222 3356 Helium

253 3547 274 3610 ¹)
312 3549 349 3599 Cf.
368 3549 408 3600 Dc
426 3557 553 3600 success.
575 3548 654 3614 prlm.
674 3552 773 3600 Romae
790 3549 876 3614 episc.
895 3549 963 3601 diss.
981 3551 999 3600 l.
1018 3563 1042 3599 c.
1063 3550 1127 3600 vlll.
1146 3550 1220 3612 §.HL

180 3622 259 3686 (opp.
284 3618 374 3683 posth.
397 3632 424 3683 p.
442 3616 506 3678 621:
537 3619 622 3678 „Nero
647 3619 758 3682 quidem
780 3619 942 3685 imperator,
968 3619 1019 3670 sed
1042 3617 1221 3682 imperatores

180 3703 252 3751 „non
274 3689 338 3750 luit;
362 3687 446 3738 multo
469 3687 560 3737 minus
582 3683 756 3748 Ἥγούμ-ενοις
782 3688 875 3752 'nequa
898 3687 968 3739 enirn
988 3683 1148 3750 ‘aaronque
1170 3688 1221 3738 im-

180 3759 338 3824 „peratores
351 3757 416 3807 dicti
435 3759 507 3817 sunt,
526 3756 576 3807 sed
595 3756 642 3820 qui
661 3757 714 3807 sub
735 3756 907 3822 imperatore,
925 3757 953 3807 in
970 3757 1121 3822 provinciis
1140 3771 1222 3822 prae-

181 3827 303 3889 ,‚sertim,
329 3825 488 3877 praesidum
511 3827 572 3876 loca
595 3825 647 3876 sub
675 3825 757 3877 variis
775 3827 933 3878 nominibus
955 3825 1131 3877 obtinebant.
1148 3847 1220 3880 ι...

180 3898 290 3961 „Neque
315 3896 383 3947 haec
407 3909 462 3946 vox
485 3897 588 3945 tantum
612 3895 640 3945 in
666 3895 818 3960 provinciis
842 3896 964 3947 solennis
987 3895 1050 3957 luit,
1071 3896 1122 3946 sed
1140 3897 1221 3948 etiam

180 3969 311 4028 „Romae3
334 3969 364 4014 ut
382 3967 457 4030 patet
475 3977 507 4024 er
524 3965 570 4029 Ep.
580 3965 606 4014 S.
620 3964 748 4028 cypriani
766 3966 801 4014 ad
821 3967 1006 4016 successum:
1032 3966 1103 4026 „Sed
1120 3966 1220 4016 ethuic

180 4033 383 4100 „persecutioni
401 4033 522 4098 quotidie
541 4032 671 4084 insistunt
689 4033 821 4084 Praefecti
838 4035 866 4084 iu
885 4035 984 4096 Urbe,“
1009 4037 1127 4086 Romana
1145 4035 1220 4086 scili-

178 4109 255 4168 „cet,
279 4106 328 4166 „ut
348 4103 420 4167 siqui
440 4102 493 4153 sibi
513 4103 595 4153 oblati
614 4103 726 4161 luerint,
746 4102 1006 4165 animadvertantur,
1031 4107 1058 4156 cl
1080 4105 1154 4155 bona
1172 4118 1220 4154 eos

181 4189 257 4236 „rum
275 4174 344 4226 fisco
363 4171 559 4224 vindicentur.“
594 4173 671 4223 Tales
691 4175 773 4222 erantv
785 4174 885 4225 ltonrae
903 4174 998 4228 ultimo
1016 4173 1131 4226 Neronis
1149 4187 1219 4225 anuo
