2917 4875
574 303 787 371 ..ητ-

159 485 319 605 τμηθεὶς,
352 484 387 550 έν
415 481 463 573 τῷ
494 484 680 572 τριακοστῷ
711 484 767 548 καί
796 484 880 573 ἕκτῳ
910 485 976 550 ίτεε
1005 483 1069 552 τοῦ
1099 507 1203 566 σωτη·

159 586 232 677 ρίου
254 577 392 661 πάθους
419 579 479 649 τόν
504 576 649 649 καλὸν
631 582 745 667 αγῶνα
770 576 1019 669 ἀγωνισάμενος
1032 587 1067 654 έν
1079 579 1202 681 Ῥώμῃ,

158 690 288 780 πέμπτῃ
322 680 432 776 ἡμέρᾳ
467 678 554 749 κατά
586 679 865 770 Συρομακεδόκας
896 687 1058 771 Πανέμου
1087 684 1202 772 μηνός,

158 782 232 871 ἥτις
252 784 423 872 λέγοιτο
408 782 451 852 οίυ
472 808 544 874 παρ
542 777 766 869 Ἀἰγυπτίοις
780 785 924 876 Ἐπιφὶ’
907 812 939 863 ε,
966 812 1059 876 παρα
1045 783 1107 855 δὲ
1120 782 1204 853 ἫΡω

157 891 270 975 μαίοις
294 883 315 969 ἡ
325 883 406 1008 πρὸ
430 887 530 973 τριῶν
553 886 728 953 καλανδῶν
753 886 919 965 Ἰουλίων,
952 883 1033 954 καθ’
1065 883 1108 970 ἣν
1138 890 1213 981 ε’τερ

157 983 334 1070 λειώδη“
317 1014 335 1055 ο
372 982 468 1074 άγιος
492 980 683 1109 ἀπόστολος
712 990 758 1077 τῷ
787 982 857 1054 κατ’
887 983 994 1056 αὐτόν
1019 994 1202 1107 μαρτυρίφ,

158 1090 319 1180 ἑξηκοστῷ
344 1094 400 1157 καὶ
430 1084 551 1177 ε’νυάτῳ
579 1090 643 1153 im
668 1088 728 1169 τῆς
754 1089 817 1155 τοῦ
811 1090 995 1209 σωτῆρος
1018 1084 1115 1176 ἡμῶν
1135 1085 1204 1171 Ἰη-

158 1216 221 1260 σου
207 1191 393 1281 Χριστοῦ
418 1186 627 1277 παρουσίας.
645 1182 761 1255 ’Ἔστιν
786 1178 848 1255 οὐν
876 1185 895 1257 ὁ
922 1192 989 1270 πῶς
1009 1185 1186 1281 γρόνος,ε
1171 1188 1206 1269 ἐξ

77 1374 79 1381 s
159 1282 200 1360 ού
227 1286 432 1383 ἐμαρτύρησε
456 1282 634 1379 τριακόσια
657 1284 835 1381 τριάκοντα
858 1291 914 1371 ἔτη
930 1298 1025 1384 μέχρι
1040 1293 1101 1375 τῆς
1118 1315 1203 1378 παρ·

158 1388 260 1473 ούσης
286 1386 409 1474 ταύτης
433 1386 611 1469 ὑπατείας,
646 1388 806 1478 τετάρτης
828 1395 890 1476 μὲν
907 1387 1103 1482 Ἀρκαδίαν,
1134 1396 1202 1481 τρί-

157 1520 216 1575 της
241 1496 277 1560 δέ
299 1487 473 1584 Ὁνωρίου,
497 1495 562 1557 τῶν
587 1484 648 1557 δύο
675 1484 826 1583 άδελφῶν
850 1487 1108 1585 αὐτοκρατόρων
1133 1487 1203 1559 Αὐ-

156 1592 323 1681 γούστων,
358 1589 492 1674 ίννάτης
513 1588 715 1670 ἰυδικτιῶνος
741 1593 801 1675 τῆς
823 1596 1204 1685 πεντεκαιδεκαετηρικῆς

157 1691 327 1787 περιόδου,
349 1692 454 1784 μηνός
472 1688 635 1769 Ἰουνίου,
660 1694 792 1787 εἰκοστῇ
814 1689 930 1790 ἐννάτμ
953 1690 1072 1787 ἡμέρᾳ.

350 2071 704 2144 mummolum
734 2073 1014 2146 (3ssOEss
1148 1999 1156 2029 ¹

423 2204 553 2273 Eccles
578 2206 714 2315 υίτῐοτίε
737 2206 781 2273 ll.
801 2204 857 2272 33
878 2203 934 2269 34.

213 2368 287 2435 Τῶν
311 2371 345 2435 δὲ
370 2368 576 2462 γραμμάτων
606 2365 745 2457 Φήστου
772 2371 814 2466 τῇ
841 2369 912 2454 ἑξῆς
932 2368 1038 2460 1)τῶ
1072 2369 1201 2458 Νέρωνι

158 2467 424 2557 ἀποδεδομένων,
450 2476 497 2538 τῶ
520 2476 643 2553 ἐκείνου
667 2473 874 2560 παρίσταται
898 2465 1047 2557 βήματι.
1080 2468 1202 2535 ἀπολο-

157 2577 247 2657 γίαις
272 2578 386 2640 τοίνυν
411 2541 562 2662 εὐλόγοις
587 2601 644 2642 και
669 2568 756 2641 πολύ
782 2598 815 2639 τι
839 2569 879 2640 τό
902 2564 1076 2658 ἐπαγωγόν
1093 2595 1128 2636 τε
1145 2573 1200 2636 καί

157 2669 334 2767 πάνσοφον
359 2667 512 2762 ἐχούσαις
537 2673 598 2744 τὸν
622 2670 873 2742 πολύπλοκον
857 2677 980 2740 ικείνου
1005 2672 1104 2762 θῆρα
1129 2671 1202 2734 δια·

157 2769 283 2896 φυγῶν,
326 2769 401 2843 οὐτε
437 2780 503 2843 τῶν
540 2770 722 2868 ὁμοφύλων
755 2769 967 2900 καθηφατο,
1006 2777 1063 2840 καὶ
1097 2763 1221 2863 αὐτόν

158 2869 201 2952 ὡς
226 2877 288 2962 εἶχε
319 2877 385 2943 τῶν
415 2871 626 3000 ἐγκλημάτων
661 2871 796 2944 άπέλυε.
825 2881 898 2943 καὶ
910 2871 1108 2954 τοεξεκείνου
1138 2872 1201 2938 διτ-

156 2977 236 3053 τοῦς
257 2969 381 3099 χρόνου
406 2973 669 3071 παραρῥυέντος,
704 2977 757 3044 ἐπὶ
786 2968 918 3062 Ρῶμης
941 2976 1081 3052 Παῦλος
1110 2973 1200 3038 καθ-

156 3076 239 3158 ἧστο
281 3079 316 3143 έν
352 3073 424 3168 ιδίφ
460 3082 525 3146 τῶν
568 3077 673 3169 ἔργων
701 3074 917 3198 μισθώματι
956 3075 1093 3156 διαζῶν
1143 3072 1200 3138 καὶ

13 3216 15 3227 ·
116 3197 119 3202 ’
156 3169 286 3256 πάντας
317 3173 396 3258 τούς
427 3174 513 3268 πρὸς
545 3177 711 3248 ἐκεῖνον’
696 3173 839 3263 η’κοντας
868 3172 1018 3264 ἀσμένως
1043 3165 1197 3260 ύποδεχό·

155 3294 270 3365 μενος·
302 3284 359 3348 καὶ
391 3279 516 3358 δυττῶς
550 3285 699 3408 τρέφων
735 3284 791 3348 καὶ
817 3281 919 3346 πλέον
943 3279 985 3371 τῇ
1011 3277 1118 3365 ε’νδέῳ
1144 3278 1201 3340 καὶ

157 3371 301 3496 οὐρανίῳ
332 3383 462 3473 τροφῇ·
495 3373 667 3474 παρῥησίυι
698 3406 735 3447 τε
764 3405 821 3446 και
846 3371 1026 3472 γλῶσση’
1005 3378 1111 3468 ανίτφ
1138 3370 1201 3456 τὴν

156 3481 218 3545 τοῦ
245 3477 331 3546 Θεοῦ
353 3483 528 3565 βασιλείαν
552 3478 732 3573 κηρύττων
764 3485 822 3547 και
852 3476 896 3545 τά
926 3474 1013 3548 κατά
1044 3471 1105 3542 τόν
1130 3466 1201 3542 Κύ-

157 3604 232 3668 ριον
260 3574 355 3706 ἡμῶν
377 3575 510 3662 Ἰησοῦν
538 3577 690 3672 Χριστόν
715 3585 877 3671 ἐλευθέρα
899 3575 1067 3672 κηρύττων
1094 3568 1199 3663 γλώσ·

158 3696 215 3776 σφ’
243 3683 298 3748 καὶ
325 3675 548 3761 άκωλύτως”
525 3707 649 3750 απασιν
674 3678 1008 3807 εὐαγγελιζόμενος

213 3775 263 3848 Τά
291 3785 353 3867 μὲν
383 3779 425 3866 δὴ
456 3787 553 3874 μέχρι
584 3784 645 3850 τοῦ
675 3779 844 3876 παρόντος
869 3777 887 3849 ὁ
915 3777 1003 3874 ἱερός
1026 3785 1083 3850 και
1105 3783 1203 3860 θεῖος

157 3873 348 3962 ἀπόστολος
378 3889 435 3952 καὶ
466 3879 696 3972 εὐαγγελιστης
713 3884 853 3964 Λουκᾶς
878 3880 1030 3966 τὴντῶν
1055 3877 1200 3949 ἀποστο-

156 3984 254 4052 λικῶν
279 3979 470 4074 πράξεων’
451 4010 617 4077 αφηγησιν
641 3990 882 4078 περιέγραψεν.
909 3987 1065 4053 ἐντεῦθεν
1083 3985 1118 4052 δὲ
1129 4007 1201 4059 τοις
1228 4000 1231 4003 ‘

128 4198 130 4202 ·
214 4167 235 4233 Ι)
262 4169 409 4237 superiore
429 4172 526 4239 eapitis
547 4171 623 4237 parte
648 4169 803 4222 continetur
820 4169 938 4219 narratio
958 4170 992 4220 de
1010 4169 1085 4221 Ρουὶἰ
1103 4169 1202 4237 dispu-

158 4239 257 4291 untione
275 4251 339 4294 ουιο
356 4242 468 4298 Judaeis
484 4245 583 4296 Romae
602 4240 778 4302 degentibus,
799 4239 856 4288 Act.
874 4237 920 4301 28,
943 4235 977 4289 Ιδ
993 4250 1035 4304 οη.
