2917 4875
588 320 713 385 ..1ss
758 358 800 369 ...

170 493 307 575 ξυνίδοι,
333 491 413 575 τούς
435 489 598 581 Ἑλλήνων
622 500 678 563 καὶ
696 490 872 589 Ῥωμαίων
889 498 1086 583 νομοθέτας
1104 521 1211 587 παρα-

169 592 295 681 γαγών,
321 601 377 663 καὶ
403 591 544 677 τούτοις
560 592 640 677 τούς
662 592 842 686 ἡμετέρους
867 592 979 685 ἁλιέας
1000 602 1057 664 καί
1070 595 1212 677 τελώνας

95 708 99 718 “
169 692 412 785 παρεξετάοας.
446 693 578 788 εὑρήσει
606 695 670 789 γὰρ
699 694 781 777 τούς
812 702 888 785 μὲν,
926 693 1004 765 οὐδὲ
1024 695 1103 778 τούς
1129 694 1211 787 ὁμύ·

169 822 251 889 ρους
274 804 453 877 πείσαντας
475 797 563 865 κατὰ
588 795 667 878 τούς
693 800 788 892 σφῶν
813 793 1052 866 πολιτεύεσθαι
1075 795 1212 886 νόμους·

169 894 248 978 τούς
263 900 297 965 δὲ
313 900 530 979 Γαλιλαίους,
555 894 595 967 ού
617 894 723 983 μόνον
737 895 926 985 Ῥωμαίους
946 896 1140 979 πεπεικότος
1156 906 1212 967 καὶ

161 993 340 1081 Ἓλληνας,
378 996 462 1067 ἀλλὰ
492 1006 547 1069 καὶ
579 994 713 1067 ἅπαντα
747 998 1018 1091 τῶνβαρβάρων
1044 997 1087 1067 τὰ
1111 1004 1211 1092 φῦλα,

169 1096 231 1183 τὴν
252 1095 459 1187 εύαγγελικίςν
484 1102 692 1189 νομοθεσίαν
705 1096 944 1171 ἀσπάσασθαι.
972 1093 1111 1191 (Fusius
1131 1098 1213 1168 sub·

133 1212 134 1215 ’
171 1196 252 1267 inde
278 1197 490 1269 demonstrat
504 1208 539 1269 et
552 1198 693 1278 Minois,
724 1196 941 1279 Charondae,
968 1199 1128 1291 Lycurgi,
1155 1220 1213 1269 ce·

170 1309 323 1386 terorum
344 1300 440 1390 leges
461 1300 495 1386 in
514 1300 657 1388 singulis
682 1308 814 1368 tantum
832 1300 1028 1370 civitatibus
1045 1299 1212 1389 viguisse,

169 1421 235 1471 ner
248 1401 477 1471 Romanorum
489 1401 532 1470 ab
546 1400 705 1471 omnibus
719 1392 854 1493 popilis
869 1411 1027 1495 receptas
1042 1396 1151 1493 esse.)
1160 1404 1189 1469 .'.
1203 1453 1212 1468 .

170 1508 202 1571 οἱ
228 1506 263 1571 δὲ
287 1500 441 1597 ἡμέτεροι
468 1501 582 1585 ἁλιεῖς,
609 1510 666 1572 καὶ
692 1510 725 1571 σί
749 1509 900 1583 τελῶναι,
927 1502 1028 1575 καὶὸ
1055 1501 1214 1573 σκυτοτό-

168 1631 247 1693 μος,
281 1601 409 1675 ίίπασιν
433 1601 630 1697 ἀνθρώποις
648 1602 737 1685 ’τούς
762 1600 990 1693 εύαμγελικούς
1014 1604 1213 1700 προσενηυό·

165 1732 245 1823 χαρι
270 1704 410 1795 νόμους.
446 1713 502 1776 καὶ
534 1707 574 1775 ού
599 1701 706 1793 μόνον
729 1701 933 1793 Ῥωμαίους,
959 1713 1017 1776 καὶ
1048 1702 1127 1786 τούς
1147 1702 1213 1773 ὑπὸ

169 1803 303 1887 τούτοις
329 1808 520 1888 τελοῦντας,
548 1802 635 1875 ἀλλὰ
660 1804 778 1876 καὶτὰ
795 1805 966 1887 Σκυθικα,
992 1812 1049 1875 καὶ
1066 1832 1109 1873 τα
1098 1803 1213 1874 Σαυ

170 1932 335 2036 ροματικρι
361 1914 461 1991 ἔθνη,
488 1936 545 1977 και
566 1903 713 1986 Ἰνδούς,
742 1913 798 1975 καὶ
823 1906 1017 1988 Αἰθίοπας,
1044 1914 1100 1975 καὶ
1126 1912 1270 2014 Πέρ

169 2032 246 2093 σας,
273 2016 329 2078 καὶ
350 2014 480 2099 Σῆρας,
505 2014 561 2076 καὶ
584 2004 782 2099 Υρκαυούς,
808 2015 865 2082 και
882 2006 1132 2099 Βακτριανους,
1159 2013 1215 2077 καὶ

169 2109 397 2198 Βρεττανοὺς,
419 2118 474 2179 καὶ
502 2112 692 2203 Κίμβρους,
726 2114 782 2176 καὶ
801 2108 1008 2201 Γερμανους,
1037 2116 1093 2195 καὶ
1111 2105 1217 2191 οίπαξ

169 2212 280 2291 απλῶς
301 2214 369 2280 πᾶν
394 2213 498 2305 ἔθνος
522 2216 696 2295 καὶ-γένος
728 2204 934 2300 ἀνθρώπων,
969 2211 1135 2291 δέξασθαι
1156 2212 1216 2278 τοῦ

169 2318 424 2415 σταυρωθέντρς
449 2308 528 2391 τούς
553 2305 679 2399 νόμους
701 2309 893 2381 ἀνέπεισαν·
922 2336 952 2380 κ.
981 2337 1010 2379 τ.
1037 2314 1067 2381 λ.
1090 2314 1138 2401 1).

263 2710 270 2724 .
343 2669 657 2750 Erramus
685 2633 819 2754 ἐρισι.
842 2671 1044 2739 sureem.

464 2779 579 2844 Editio
600 2779 747 2852 Aetnam
769 2779 926 2868 Αροοῑολ.
980 2792 982 2795 ’

171 2884 305 2950 [zacagnii
323 2888 489 2940 collectanea
506 2885 629 2942 ¹monum.
647 2892 773 2942 veterum
790 2891 864 2940 Tom.
881 2889 900 2938 1.
919 2901 946 2951 p.
966 2883 1018 2935 425
1028 2898 1069 2948 sq.
1088 2883 1218 2936 Gaiiandii

119 3013 125 3024 ,
173 2953 295 3006 biblioth.
315 2959 384 3022 patr.
406 2960 479 3009 Tom.
497 2959 526 3010 X.
545 2974 572 3025 p.
591 2959 642 3010 207
657 2973 698 3023 sq.
735 2960 773 3009 Cf.
791 2957 867 3010 Millii
884 2957 950 3007 Nor.
969 2956 1040 3006 Test.
1059 2954 1102 3004 ed.
1117 2955 1217 3004 Kuster
1300 2974 1302 2979 ·

636 3041 664 3092 p.
682 3025 753 3089 252.)

395 3116 597 3210 Ἀποὸημίαι
625 3118 768 3192 Παύλου
795 3125 858 3189 τοῦ
880 3115 1001 3186 ἀποστ.

120 3237 142 3300 ι’
222 3239 304 3312 Από
339 3249 523 3334 Δαμασκοῦ
552 3243 693 3338 ἤρξατο,
725 3253 783 3315 καὶ
809 3241 957 3330 ὄινῆλθεν
983 3240 1028 3323 εἰς
1049 3239 1219 3335 Ἰερουσα-

174 3341 255 3430 λίιμ
289 3348 416 3416 ἐκεῖθεν
442 3346 488 3428 είς
502 3345 668 3468 Τμρσόυ
697 3352 825 3416 ἐκεῖθεν
851 3345 896 3424 εἰς
919 3339 1136 3452 Ἀντιόχειαν,
1163 3349 1220 3411 καὶ
1266 3361 1270 3366 ’

176 3441 279 3515 πάλιν
301 3443 510 3538 δεύτερον’
480 3475 526 3528 εις
549 3444 843 3539 Ιερσυσαλὴμ,κ.
869 3472 899 3513 τ.
928 3447 957 3512 λ.
985 3480 1220 3496 ———--

179 3583 471 3599 -----
497 3544 653 3640 κᾷκεῑθεν
678 3544 781 3618 ποίλιυ
806 3549 957 3631 σίννλθευ
989 3549 1149 3635 τέταρτον
1176 3542 1266 3626 εἰς

173 3643 413 3738 Ιερουσαλὴμ·
442 3618 598 3740 κᾴκείθεν
608 3645 886 3784 παρεπέμφθη
856 3675 902 3726 εις
916 3644 953 3712 ΙΙ
949 3662 1138 3734 αισαρειαν
1165 3651 1221 3715 καὶ

176 3747 294 3818 λοιπὸν
315 3745 489 3838 δέσμιος’
473 3756 526 3817 επὶ
548 3745 681 3840 Ῥοίμηυ
707 3747 829 3830 ούτως
856 3743 923 3815 ἀπὸ
945 3750 1153 3839 Καισαρείας
1164 3736 1220 3830 ηλ-

176 3867 389 3876 ———--—-

183 3936 188 3944 ·
238 3905 260 3971 ¹)
289 3911 369 3961 Plano
395 3911 495 3961 elatum
518 3907 627 3960 dicendi
650 3923 738 3974 genus
764 3911 831 3963 ab
822 3912 857 3962 ris
879 3913 1034 3974 neglectum
1052 3913 1108 3973 est,
1132 3911 1214 3976 quie

179 3977 272 4030 verbis
296 3980 457 4032 Theodoreti
480 3981 659 4042 collegerunt,
684 3979 734 4032 has
752 3980 877 4032 nationes
897 3981 931 4030 ab
950 3980 1083 4046 apostolis
1104 3995 1222 4044 evange·

179 4047 230 4098 lica
254 4048 377 4099 doctrina
401 4049 521 4100 imbutas
546 4062 618 4100 esse.
660 4049 698 4099 Ne
723 4050 837 4114 singulis
862 4049 981 4100 vocibus
1000 4049 1080 4100 nimis
1099 4049 1220 4112 insistas,

180 4116 244 4168 audi
263 4122 404 4169 auctorem
422 4119 530 4201 paullo
534 4117 648 4170 inferius
659 4117 696 4168 ita
709 4119 903 4170 disserentem:
918 4135 990 4200 προς
999 4136 1055 4204 γαρ
1063 4134 1106 4168 τοι
1102 4117 1222 4204 Πέρσας

179 4185 223 4234 καί
245 4184 359 4244 Σκύθας
384 4205 428 4236 και
452 4183 485 4236 τοί
510 4183 581 4235 αλλα
603 4183 731 4256 βάρβαρα
749 4188 816 4253 ἔθνη
844 4181 927 4247 μετὰ
950 4185 1011 4254 τὴν
1039 4185 1173 4237 ἐκείνων
1197 4184 1222 4236 oi

179 4247 252 4314 νόμοι
269 4255 390 4322 διέβησαν
407 4273 439 4304 τε
449 4257 480 4305 λε
489 4252 576 4322 vvir
996 4321 1014 4372 6
