2917 4875
668 286 882 355 -1l-

250 457 281 531 si
313 480 370 529 res
403 458 543 531 omnino
571 481 637 531 nee
661 458 793 531 eredita
819 460 940 533 luisset
965 482 1031 533 nee
1057 461 1093 532 in
1118 459 1289 554 discepta-

249 560 379 631 tionem
405 560 598 641 incidisset,
633 583 702 632 non
729 569 804 632 erat
830 584 892 633 eur
917 564 1028 634 verbo
1051 562 1287 653 attingeretur.

248 661 472 741 Tostimouia,
506 662 632 753 quibus
657 661 846 735 discrimen
872 662 1031 748 daretur,
1065 672 1185 735 auctor
1210 686 1288 756 pro·

222 764 226 777 '
249 763 325 833 tulit
345 762 448 832 nulla.
502 762 591 845 Quid
611 764 685 857 ipse
703 764 977 855 judicaverit-
995 784 1206 856 quamquam
1218 784 1289 836 non

247 864 392 935 multum
414 865 537 946 refert,
572 887 678 957 quum
707 866 873 957 singulari
898 865 1048 959 quadarn
1070 864 1289 937 historiarum

247 964 366 1035 notitia
399 966 599 1058 neutiquam
632 966 783 1038 emineat
807 1007 878 1049 —‚
912 966 959 1041 de
987 965 1120 1039 haere
1148 965 1288 1038 diverse

245 1066 374 1139 sentias
401 1076 555 1161 oportet,
589 1078 690 1162 prout
715 1068 762 1139 de
783 1068 932 1141 lectione
958 1067 1130 1143 statueris.
1183 1067 1219 1138 Si
1247 1075 1288 1139 et

245 1165 469 1240 scribendum
506 1178 576 1250 est,
616 1191 690 1241 rem
726 1169 868 1249 asserit,
904 1190 1009 1262 qnam
1043 1171 1079 1240 in
1118 1168 1287 1261 scriptura

244 1268 425 1341 evidenter
450 1269 621 1342 declarari
647 1279 779 1342 temere
803 1272 962 1363 opinatus
983 1281 1048 1342 est
1100 1270 1136 1339 Si
1154 1279 1287 1342 retenta

243 1392 332 1441 voee
365 1370 441 1457 sed
472 1373 621 1443 verbum
646 1371 882 1465 suppleveris,
917 1373 1013 1443 Pauli
1038 1373 1105 1441 iter
1130 1370 1286 1464 Hispani·

243 1493 323 1545 cum
354 1471 446 1565 apud
477 1472 606 1544 Lucam
633 1467 854 1567 deprehendi
875 1483 1029 1565 negatur.
1088 1472 1185 1543 Unde
1216 1472 1285 1543 lor-

242 1581 337 1644 tasse
364 1595 444 1645 eum
470 1573 661 1646 Wieselero
690 1573 809 1644 licebit
833 1574 1019 1665 colligere,
1044 1573 1105 1665 qui
1127 1572 1285 1645 eredide-

143 1726 148 1739 ,
242 1675 331 1754 rint,
367 1672 532 1747 hocloco
558 1676 603 1746 ab
628 1683 772 1745 auctore
797 1676 987 1768 reprobari.
1046 1674 1112 1745 Ubi
1138 1696 1223 1746 vero
1249 1682 1285 1745 et

242 1776 355 1869 ipsum
381 1777 512 1848 rumori
542 1786 622 1847 tune
648 1774 825 1865 divulgato
852 1774 959 1848 fidem
984 1774 1149 1847 habuisse
1174 1774 1285 1865 magis

242 1877 304 1947 tibi
330 1877 515 1969 placuerit,
543 1899 612 1949 non
638 1874 754 1949 haheo
775 1898 837 1947 eur
860 1876 1020 1952 officiam.
1085 1874 1218 1948 Sufficit
1237 1876 1284 1947 da

241 1999 284 2048 eo
311 1979 542 2058 convenisse,
571 1977 664 2070 quod
694 1999 812 2049 rumor
836 1979 940 2055 fuerit
962 2001 1029 2051 nee
1053 1978 1084 2051 is
1105 1978 1209 2051 certis
1233 1987 1284 2049 to·

115 2138 120 2145 .
241 2079 411 2151 alimoniis
436 2081 586 2186 sulpitns.
