2917 4875
235 468 270 531 et
291 459 501 553 Polycletum
526 456 702 549 designari
725 468 844 553 putam
863 455 906 550 ¹).
974 459 1044 531 Sed
1065 460 1194 553 duplici
1218 452 1274 533 era

234 584 313 631 rore
340 569 510 631 tenentur.
578 560 665 631 Nam
688 570 820 631 temere
845 569 881 629 et
904 562 985 633 voci
1008 574 1187 654 μαρτυρεῖν
1212 580 1274 633 no·

235 663 364 733 tionem
398 660 518 731 mortis
553 682 615 753 pro
648 659 717 733 fide
753 662 950 733 exantlatas
981 662 1052 751 jam
1087 662 1274 734 Clementis

144 828 149 845 Ι
235 774 390 855 tempora
419 762 562 833 infuisse
594 762 824 843 contendunt,
857 773 893 834 et
925 763 991 833 sub
1026 774 1097 845 τοῖς
1129 761 1274 852 lycant-

235 892 305 949 νοις
329 864 477 934 vicarios
505 862 660 935 Caesaris
691 866 798 936 latere
824 865 1044 958 suspicantur
1062 861 1107 956 ²).
1165 865 1274 935 lmmo

236 988 342 1056 quom
368 963 416 1033 illi
443 963 579 1052 judiees
605 966 733 1037 luerint
758 966 903 1036 consilio
933 964 1090 1037 Caesaris
1115 963 1272 1045 adhibiti,

112 1115 114 1121 ,
236 1065 281 1138 de
315 1064 445 1137 lorensi
476 1064 571 1135 Pauli
602 1065 808 1137 defensione
840 1086 879 1137 se
908 1067 1005 1158 loqui
1037 1064 1273 1150 accersatis

236 1167 395 1241 distincte
423 1164 550 1237 indicat
570 1162 616 1260 ³).

312 1265 380 1337 Sed
406 1266 545 1357 majoris
572 1266 738 1337 momenti
762 1267 871 1337 verba
896 1274 950 1339 ἐπὶ
965 1266 1004 1339 τὸ
1023 1275 1128 1362 τέρμα
1143 1276 1202 1355 τῆς
1218 1266 1275 1340 66-

236 1397 317 1451 oruc
335 1367 449 1439 ἐλθὼν
469 1366 631 1439 videntur
644 1389 736 1441 esse.
788 1367 839 1439 lla
864 1368 991 1459 quibus
1017 1370 1141 1441 mirum
1167 1389 1274 1461 quan·

237 1480 309 1541 tum
334 1469 424 1539 inter
447 1469 540 1539 viros
567 1469 689 1541 doctos
715 1467 943 1563 disceptatum
969 1479 1033 1541 est
1094 1471 1148 1541 Ex
1174 1470 1285 1549 Peon-⁴

238 1571 327 1643 sonii
353 1569 447 1645 enim
472 1569 677 1662 aequalibus
702 1570 761 1641 lo.
788 1571 952 1650 Fellus,
986 1571 1047 1662 qui
1076 1571 1174 1644 1669
1201 1571 1273 1666 api·

237 1673 360 1743 stolam
394 1672 520 1741 Oxonii
541 1671 673 1751 edidit,
711 1672 774 1758 τὴν
807 1673 899 1745 δύσιν
929 1671 1063 1741 ltaliam
1100 1695 1180 1745 essa
1211 1672 1274 1744 do·

237 1773 327 1857 cnit3
353 1773 589 1843 Salmasius
610 1794 631 1843 e
648 1772 824 1843 Clemente
835 1770 996 1843 affirmari
1006 1794 1112 1866 posse
1129 1773 1272 1867 puerit,

238 1894 285 1944 ex
310 1894 379 1965 qno
406 1874 549 1943 Romam
573 1874 752 1959 ingressus
778 1874 839 1955 sit,
867 1875 1061 1966 apostolum
1087 1893 1275 1967 numquam

228 1986 358 2068 -postea
389 1974 515 2069 pedem
548 1973 630 2045 inde
662 1974 831 2045 extulisse
847 1971 892 2068 ⁴).
944 1974 1120 2066 Quotquot
1147 1974 1276 2047 deinde

238 2076 274 2145 in
306 2074 396 2146 hanc
427 2096 568 2146 arenam
600 2071 878 2155 descenderunt,
911 2086 971 2147 aot
1001 2075 1178 2148 Pearsonii
1217 2084 1276 2145 ent

236 2176 519 2249 adversariorum
551 2176 744 2247 sententiae
779 2198 819 2248 se
854 2177 1083 2257 addixerunt,
1127 2196 1275 2266 eumque

236 2278 311 2349 suis
337 2278 485 2369 quisque
510 2277 720 2366 argumentis
747 2276 902 2347 stabilire
926 2278 1041 2347 conati
1066 2286 1155 2349 sunt
1213 2276 1275 2345 Ta·

237 2400 320 2450 men
352 2399 477 2471 quum,
504 2376 599 2469 quod
630 2376 706 2449 aliis
732 2386 865 2450 certum
890 2378 1092 2460 videbatur,
1131 2377 1176 2448 ab
1200 2376 1276 2448 eliis

238 2480 506 2574 reprobaretur,
542 2478 587 2550 ad
608 2487 763 2550 nostram
789 2502 901 2571 nsque
924 2490 1072 2551 aetatem
1098 2498 1277 2574 permana-

238 2582 288 2652 vit
322 2580 514 2652 dissidium.
576 2581 663 2650 Nam
689 2581 751 2671 qui
775 2581 917 2651 Paulum
942 2582 1105 2651 Romanis
1128 2579 1277 2652 vinculis

239 2683 420 2754 liberatum
449 2681 483 2750 in
516 2680 716 2774 Hispaniam
748 2680 888 2752 venisse
918 2681 1146 2762 contendunt,
1184 2679 1277 2750 haud

134 2847 135 2850 ,
238 2784 315 2854 sina
341 2782 454 2872 aliqua
480 2782 634 2853 veritatis
657 2781 775 2873 specie
797 2791 935 2872 negant,
963 2782 1195 2861 Clementem,
1217 2779 1277 2871 qui

239 2885 368 2954 Itomae
400 2881 587 2961 scriberet,
625 2879 754 2953 Urbem
782 2883 821 2954 τὸ
854 2893 959 2979 τέρμα
980 2887 1041 2969 τῆς
1066 2881 1189 2966 δόσεως
1216 2903 1276 2974 po·

239 2985 348 3058 tuisse
364 2983 560 3077 appellare,
585 2993 621 3054 ut
647 3004 738 3075 quae
764 3006 834 3054 non
862 2985 897 3054 in
919 2986 1050 3064 ultimo,
1078 2984 1141 3055 sed
1163 2982 1277 3077 potius

238 3089 274 3158 in
300 3085 416 3156 medio
441 3085 630 3157 Occidente
660 3085 725 3154 sita
748 3094 843 3155 esset
859 3082 905 3177 ὅ).
959 3088 1030 3157 Hos
1049 3094 1087 3156 ut
1107 3085 1185 3156 loco
1206 3083 1277 3176 pel-

239 3190 373 3266 lerent,
419 3185 477 3254 alii
505 3186 604 3256 aliter
637 3207 711 3255 rem
743 3196 900 3276 egerunt.
964 3186 1034 3257 Sed
1065 3183 1191 3256 sufficit
1222 3205 1277 3258 re·-

239 3288 431 3360 cantiorum
456 3283 641 3356 nonnullos
666 3286 854 3357 audivisse
907 3284 1219 3357 Schraderus
1242 3278 1277 3374 θ)

240 3389 342 3479 igitur
368 3408 389 3458 c
415 3397 580 3457 contextu
612 3387 777 3458 orationis
800 3396 1057 3477 argumentatus
1083 3398 1147 3477 est.
1199 3384 1278 3454 Ete-

241 3554 312 3615 „duo
332 3551 462 3632 preelecti
478 3517 773 3642 ‘piraetorioligillinus
793 3554 821 3602 et
839 3550 974 3611 Sabinus,
992 3554 1020 3602 et
1037 3563 1215 3602 oumsumma
1227 3563 1278 3615 po-

241 3621 564 3752 ”³⁰⁸¹1‘‚²⁰0¹},⁰¹¹d¹,⁸,'11,1o,
583 3647 651 3742 eu.
669 3685 708 3740 rna
726 3687 758 3740 a.
777 3703 801 3738 u.
819 3684 853 3738 n.
872 3684 904 3740 s.
922 3685 970 3752 sa.
987 3688 1013 3741 5.
1029 3684 1277 3752 catenatum.

308 3755 331 3819 2)
366 3758 404 3809 ct.
423 3753 542 3819 bimum,
561 3753 643 3822 dictat).
655 3758 676 3808 b.
689 3755 824 3824 llllouqrmq
837 3771 861 3807 o.
875 3754 899 3810 6.
914 3757 935 3809 b.
947 3755 980 3809 „2
990 3753 1087 3820 &um
1106 3772 1132 3822 p.
1141 3754 1279 3809 urrann.

309 3825 332 3889 3)
368 3827 406 3878 Cl.
423 3821 545 3888 {bleida
563 3830 579 3878 Ι.
597 3829 614 3878 l.
632 3843 659 3893 p.
677 3827 730 3880 526
748 3824 775 3890 if.

309 3893 332 3955 ⁴)
367 3898 407 3948 lla
426 3895 544 3961 primatu
562 3911 663 3962 papae,
683 3906 776 3963 appar.
794 3911 821 3961 p.
839 3894 882 3945 ta

310 3963 332 4024 ⁵>
366 3965 501 4031 Imprimis
527 3967 580 4018 hoo
603 3971 764 4030 argumento
790 3980 822 4016 so
845 3971 998 4030 permotum
1018 3980 1100 4022 asae.
1122 3969 1152 4018 ut
1170 3967 1279 4018 Pontum

241 4037 268 4086 in
295 4033 424 4100 Hispania
444 4033 534 4114 ⁸luisse
558 4038 671 4097 statuet,
697 4035 843 4087 cantitetur
865 4035 999 4095 Nmndcr,
1029 4031 1110 4098 6666.
1128 4035 1168 4086 tet
1186 4030 1278 4100 ΒΜ.

241 4119 265 4156 “’
283 4101 354 4235 Ἢ
369 4103 499 4224 &llll
526 4169 579 4226 ne
598 4170 693 4236 staua
712 4168 818 4237 nautas.
837 4169 928 4239 erun,
949 4171 1025 4224 usco.
1044 4169 1091 4233 aa.
1110 4175 1128 4224 r.
1147 4189 1173 4238 p.
1192 4171 1244 4226 aas
1263 4175 1280 4224 r.
