2917 4875
723 1251 824 1358 lv.

254 1592 500 1697 Constantino
528 1646 662 1695 summa
686 1647 803 1695 rerum
829 1624 953 1721 potito,
982 1643 1087 1715 quum
1114 1619 1294 1693 Christiani

253 1749 323 1798 non
347 1726 418 1817 jarn
444 1734 642 1796 vetarentur
669 1725 777 1797 Musis
810 1746 953 1806 vacare,
986 1723 1178 1795 Eusebio
1213 1746 1294 1796 con·

253 1850 391 1899 cessum
426 1828 489 1896 luit
522 1827 618 1897 vices
657 1828 894 1921 superioribus
924 1825 1092 1897 aetatibus
1126 1826 1294 1897 ccclesiae

252 1929 423 2001 immissas
450 1927 557 1999 literis
584 1929 760 1998 mandare.
828 1928 938 2011 Quod
955 1949 1060 2020 quum
1086 1937 1223 2019 ageret,
1260 1928 1293 1997 in

251 2028 447 2123 indaganda
483 2026 576 2099 Pauli
613 2027 756 2103 historia
792 2052 862 2100 non
898 2030 1009 2125 potuit
1047 2048 1187 2125 operam
1224 2052 1294 2101 uon

251 2132 433 2205 collocare.
487 2131 534 2199 lta
561 2137 676 2200 tamen
704 2153 779 2201 rem
805 2130 967 2211 instituit,
1005 2140 1041 2201 ut
1073 2130 1211 2200 omissis
1239 2131 1292 2211 iis,

250 2254 340 2325 quae
368 2233 414 2305 de
442 2231 509 2303 viri
540 2231 718 2303 laboribus
752 2253 815 2325 pro
843 2232 1024 2322 evangelio
1051 2230 1223 2325 susceptis
1258 2232 1292 2303 in

250 2334 345 2405 Actis
377 2334 588 2414 referuntur,
628 2333 673 2402 ab
702 2333 825 2403 itinere
851 2333 1021 2403 Caesarea
1047 2332 1188 2403 Romam
1214 2355 1292 2427 per·

251 2445 327 2508 acto
354 2435 536 2508 ordiretur.
598 2434 783 2506 Praeterea
809 2457 850 2506 ea
879 2456 968 2526 quae
996 2433 1135 2506 tradidit
1161 2435 1195 2504 in
1222 2433 1291 2506 duo

250 2539 362 2632 capita
389 2535 579 2619 distribuit,
607 2535 692 2618 hoo,
717 2537 806 2608 sicut
831 2535 989 2618 videtur,
1012 2535 1183 2608 adductus
1209 2558 1292 2608 con·

251 2640 343 2719 silio,
372 2647 484 2710 utres
512 2647 627 2728 gestas
656 2635 849 2709 secundum
872 2637 1029 2710 ordinem
1055 2638 1219 2731 temporis
1240 2638 1291 2708 di-

249 2749 396 2833 gereret.
456 2738 645 2833 Postqnam
673 2739 775 2830 igitur
806 2737 845 2808 H.
874 2737 912 2808 ll.
937 2741 973 2810 L.
1000 2739 1038 2810 Il.
1066 2762 1096 2812 c.
1127 2737 1288 2812 19-21

250 2863 339 2934 quae
362 2840 476 2912 Felice
502 2850 726 2935 procuratore
754 2841 788 2909 in
810 2839 939 2911 Judaea
960 2850 1057 2934 gesta
1084 2841 1171 2923 sint,
1200 2850 1291 2912 retu·

250 2943 307 3028 lit,
353 2967 383 3016 c.
420 2941 491 3024 22,
528 2965 635 3034 quum
666 2941 772 3015 Felici
800 2940 939 3018 Festum
972 2942 1188 3014 successisse
1218 2964 1290 3014 me-

249 3053 439 3126 morasset,
474 3043 647 3137 captivum
673 3044 806 3114 monuit
830 3045 1185 3138 apostolum.Romam
1209 3044 1305 3116 mie.

249 3169 327 3218 sum
353 3168 452 3226 esse,
476 3151 514 3226 et
540 3143 623 3235 quid
650 3143 718 3214 illic
741 3145 774 3216 ei
800 3144 980 3226 acciderit,
1006 3145 1183 3216 annexuit.
1229 3145 1290 3218 Ca·

250 3248 328 3341 pitis
346 3247 442 3319 enim
460 3245 658 3318 absolutum
682 3245 795 3316 virum
815 3247 918 3318 docet
934 3247 1050 3318 denuo
1067 3245 1289 3340 propagando

249 3348 430 3440 evangelio
458 3369 497 3420 se
524 3345 718 3428 dedidisse,
746 3357 922 3442 postremo
949 3349 984 3419 in
1008 3347 1129 3420 urbem
1151 3365 1287 3436 regres-¹

248 3472 325 3520 sum
351 3459 463 3520 morto
498 3450 698 3519 mulctatum
729 3471 821 3520 esse.
879 3450 915 3519 C.
943 3449 993 3519 23
1019 3459 1139 3521 auctor
1159 3445 1206 3518 ad
1230 3469 1288 3518 res

247 3549 407 3624 Iudaicas
432 3571 616 3632 reversus,
643 3559 758 3646 narrat
782 3547 991 3622 ludaeorum
1006 3550 1152 3631 invidia,
1175 3558 1212 3621 ut
1230 3550 1289 3642 qui

248 3653 390 3723 Paulum
413 3651 573 3721 manibus
600 3651 672 3722 suis
698 3650 911 3724 subtractum
933 3673 1013 3723 esse
1035 3649 1210 3732 dolerent,
1235 3651 1288 3721 Ja-

249 3755 374 3826 cobum
402 3755 542 3824 fratrem
568 3751 704 3822 Domini
734 3753 891 3846 periisse.
953 3751 1087 3824 Deinde
1106 3753 1166 3823 ubi
1182 3776 1211 3823 c.
1226 3749 1286 3824 221.

248 3854 452 3930 memoravit
477 3853 594 3926 Marco
621 3863 758 3926 mortuo
789 3853 911 3927 sedem
935 3852 1204 3951 Alexandrinam
1231 3876 1288 3924 oc-

248 3969 329 4030 tavo
351 3956 500 4027 Neronis
529 3976 620 4025 anno
648 3953 839 4028 obtinuisse
865 3954 1055 4037 Amanum,
1078 3979 1109 4027 c.
1137 3953 1185 4026 25
1209 3975 1286 4024 cae-

248 4061 329 4133 dem
354 4079 375 4128 a
398 4057 537 4128 Nerone
564 4055 752 4126 institutam
774 4076 935 4128 enarrare
962 4057 1088 4150 pergit,
1126 4077 1194 4147 qua
1225 4055 1300 4137 Pe·-

249 4173 322 4234 trus
349 4170 384 4234 et
409 4157 535 4232 Paulus
563 4157 738 4250 perierint.
791 4158 903 4242 Quam
931 4157 1031 4231 tertio
1057 4157 1194 4229 decimo
1220 4159 1286 4230 Ne-
