2917 4875
258 508 318 559 sus
344 504 408 557 eos
422 482 653 581 Vespasianus
679 420 953 577 proconsulari
943 483 1110 579 imperio
1104 494 1138 555 o
1159 486 1299 561 Nerone

248 589 404 670 missus,
437 584 553 655 multis
579 585 814 676 gravibusque
837 585 980 679 praeliis
1000 586 1160 659 devictos
1185 589 1299 697 coegit

258 690 346 761 intre
362 708 481 760 muros
494 686 755 780 Hierosolymam
781 687 985 777 confugere.
1042 688 1182 759 Interim
1206 676 1298 764 Neru'

255 790 326 880 juin
361 790 464 861 etiam
501 786 568 857 sihi
603 808 667 901 pro
697 787 911 859 conscientia
944 788 1159 860 scelerum
1150 790 1296 871 revisus,

257 890 415 962 humanis
432 889 538 959 rebus
554 888 733 959 eximitur:
761 889 932 961 incertum
955 908 1001 959 an
1026 889 1103 984 ipse
1127 888 1196 961 sibi
1209 911 1298 964 mor·
1352 958 1354 963 .

257 1005 326 1066 tem
350 990 567 1065 consciverit

492 1322 862 1390 INllocEll'fflts
884 1338 1006 1405 popa
1025 1324 1065 1390 1.

415 1455 565 1546 Epistola
591 1454 633 1521 ad
654 1445 854 1523 Decentium
875 1454 979 1545 episc.
1003 1451 1138 1542 Eugnh.

467 1564 566 1631 (ulansl
584 1566 710 1619 collectio
730 1580 808 1619 cono.
825 1568 899 1618 Tum.
908 1568 951 1619 111.
969 1582 996 1633 p.
1006 1559 1094 1655 lilia)

332 1738 429 1759 .....
457 1688 541 1771 Quis
569 1689 667 1759 enim
694 1689 843 1771 neseiat,
878 1698 938 1759 aut
962 1706 1034 1757 non
1054 1686 1230 1769 advertet,
1262 1687 1299 1758 id

253 1791 350 1885 quod
373 1812 393 1861 a
415 1790 567 1883 principe
593 1791 830 1883 apostolorum
853 1791 955 1861 Petro
979 1790 1154 1862 Romanae
1186 1790 1298 1863 eoele-
1405 1822 1408 1831 ·

254 1895 328 1965 siue
362 1892 524 1965 traditum
556 1900 625 1972 est,
659 1910 700 1961 ue
736 1914 827 1963 nuno
855 1912 970 1983 usque·
1001 1891 1209 1973 custoditur,
1252 1886 1327 1963 ab‘

254 1994 416 2067 omnibus
447 1992 579 2063 debere
613 1991 762 2072 servari,
802 2012 868 2063 nec
906 1991 1128 2085 superinduci
1159 2004 1220 2066 aut
1246 1992 1299 2063 in·

253 2096 388 2168 troduoi
419 2093 569 2186 aliquid,
607 2093 703 2185 quod
728 2102 788 2163 aut
812 2093 1051 2165 auctoritatem
1076 2116 1146 2164 non
1172 2094 1298 2166 habeut

252 2206 313 2268 aut
337 2198 476 2269 aliunde
503 2195 663 2289 accipere
688 2195 849 2266 videatur
878 2194 1107 2288 exemplum?
1140 2217 1298 2291 praeser-

253 2300 314 2369 tim
339 2320 418 2371 oum
451 2298 495 2369 sit
521 2294 760 2377 manifestum,
797 2295 833 2365 in
864 2317 1004 2367 omnem
1030 2296 1180 2379 ltaliam,
1217 2298 1296 2370 Gal-

250 2400 336 2482 lias,
368 2398 566 2494 Hispanias,
598 2394 750 2469 Africam
772 2405 876 2489 atque
897 2397 1065 2481 Siciliam,
1093 2397 1296 2493 insulasque

253 2503 512 2594 interjacentes,
544 2500 675 2570 nullum
699 2500 889 2572 instituisse
912 2502 1096 2582 eeclesias,
1126 2501 1194 2572 uisi
1219 2524 1294 2583 eos,

252 2625 341 2696 quos
373 2602 585 2674 venerabilis
617 2602 797 2695 apostolus
822 2602 945 2674 Petrus
967 2612 1027 2674 aut
1051 2603 1128 2694 ejus
1153 2623 1295 2676 sucees-

252 2727 351 2778 sores
365 2703 604 2776 constituerint
616 2703 844 2775 sacerdotes?
893 2701 978 2776 dut
996 2707 1163 2796 legent,
1190 2705 1229 2776 si
1251 2706 1295 2776 in

252 2805 320 2877 his
346 2805 598 2899 provinciis
625 2805 733 2876 alius
758 2807 1053 2897 apostolorum
1072 2806 1295 2877 inuenitur

250 2916 324 2978 aut
350 2907 510 2997 legitur
534 2905 751 2976 docuisse.
803 2905 904 2987 Quod
920 2906 951 2977 si
964 2927 1034 2976 non
1055 2907 1184 2998 legunt,
1210 2907 1295 2999 quia

253 3029 423 3100 nusquam
450 3007 651 3086 inveniunt,
688 3014 825 3099 oportet
857 3028 921 3078 eos
952 3005 1020 3078 hoo
1044 3009 1161 3100 sequi,
1197 3007 1294 3099 quod

250 3109 400 3182 eeclesia
417 3110 570 3179 Romana
587 3104 756 3187 custodit,
781 3127 803 3176 a
828 3127 897 3200 qua
919 3127 982 3180 eos
1009 3109 1216 3203 principium
1236 3129 1295 3180 ac·

250 3211 387 3304 cepisse
413 3232 483 3280 non
509 3207 654 3280 dubium
680 3215 752 3288 est,
780 3228 837 3288 ne,
864 3207 945 3280 dum
966 3211 1158 3302 peregrinis
1179 3229 1294 3280 asser·

250 3310 403 3383 tionibus
424 3308 583 3390 student,
609 3316 712 3400 caput
728 3308 981 3383 institutionum
995 3309 1177 3384 videantur
1193 3309 1293 3382 omit·

252 3423 337 3484 tere.

581 3553 959 3565 Μ

537 3745 807 3816 eumelus
827 3761 946 3827 popu
967 3748 1007 3815 1.

336 3854 373 3917 (v.
391 3853 499 3908 Beronii
517 3859 604 3908 annal.
623 3873 647 3911 u.
663 3858 705 3910 61.
728 3860 756 3911 T.
773 3859 792 3909 l.
810 3872 838 3924 p.
855 3857 908 3912 739
926 3860 968 3912 ed.
984 3860 1098 3925 August.
1119 3859 1206 3925 1738.)

328 3973 455 4045 Beatus
488 3976 614 4048 Paulus
641 3977 820 4071 apostolus
849 3999 920 4050 non
946 3977 1026 4050 ideo
1049 3975 1158 4071 (quod
1183 3974 1291 4076 absit)

249 4093 291 4146 se
319 4075 483 4146 fefellisse
509 4077 703 4149 credendus
729 4087 802 4159 est,
829 4088 888 4149 ant
913 4079 979 4149 sibi
1005 4080 1182 4152 exstitisse
1207 4102 1291 4151 oon·

251 4177 393 4258 trarius,
430 4179 610 4269 quoniam,
640 4179 806 4252 eumad
831 4179 1041 4274 Hispanos
1066 4202 1112 4253 se
1133 4181 1296 4276 promi·
