2917 4875
243 476 309 541 θεν
329 466 376 549 εἰς
390 466 539 537 Σιδῶνα·
569 472 726 536 κακεῖθιν
744 464 791 547 εἰς
808 459 954 558 Μόρναν
971 464 1185 552 τῆςΛυκίας·
1213 454 1285 535 εἶτα

244 571 290 652 εἰς
317 572 459 639 Κνίδον·
492 564 649 661 κᾷκεῖθεν
679 565 788 636 πολλά
814 565 989 649 παθόντες
1011 558 1129 652 ἦλθον
1152 562 1199 644 εἷς
1222 562 1286 649 τήν

243 678 361 756 νῆσον.
398 673 487 739 ἔνθα
517 666 538 753 ή
573 673 683 757 ἔχιδνα
714 667 905 759 καθήψατο
934 672 994 752 τῆς
1025 665 1137 759 χειρός
1168 661 1282 744 αῦτοῦ,

242 779 298 842 καὶ
328 774 450 859 ίμεινεν
481 766 650 859 ἀβλαβὴς·
687 762 760 838 εἶτα
790 768 836 851 εἷς
861 764 1100 860 Συρακούσας’
1138 758 1209 835 εἶτα
1239 764 1285 849 εἰς

240 869 390 960 Ῥήγιον·
415 866 573 962 κᾴκεῖθεν
599 869 645 951 εἰς
673 866 881 952 Ποτιόλους·
907 867 1064 962 κᾴκεῐθεν
1077 866 1175 952 πεζός
1185 862 1285 951 άνήλ·

243 980 309 1043 θεν
340 970 387 1053 εἷς
410 967 544 1060 Ῥώμην
564 967 828 1054 άπαντησάνταν
852 968 943 1064 αὐτῷ
970 974 1036 1039 τῦν
1061 972 1214 1061 ἀδεληιῦν
1238 967 1284 1049 εἰς

240 1070 385 1144 Ἀππίου
416 1069 542 1166 φόρον,
584 1080 640 1142 καλ
670 1079 765 1164 Τρεῖς
796 1071 988 1165 Ταβερνάς·
1029 1074 1114 1140 Καὶ
1139 1068 1285 1141 λοιπόν

191 1178 197 1187 '
244 1170 443 1245 εἰσελθὼν
473 1172 532 1255 εἰς
560 1170 737 1263 Ῥώμην·
771 1181 840 1243 καὶ
872 1170 1045 1255 διδάξας
1076 1174 1162 1240 ἐκεῖ
1187 1167 1284 1260 χρό-

243 1300 315 1347 νον
347 1271 505 1354 ἱκανόν,
538 1270 713 1370 ὕστερον
743 1279 785 1344 ἐν
809 1271 917 1372 αὐτῇ
937 1269 1135 1368 τῆῬιόμη
1160 1275 1283 1364 ίμαρ·

243 1401 429 1467 τυρησεν.

433 1514 599 1606 Prologus
621 1514 657 1581 ἰο
679 1512 776 1581 xlv.
801 1514 900 1583 Pauli
924 1512 1093 1607 epistolas.

285 1628 406 1693 (zacagn.
424 1642 451 1698 p.
471 1626 523 1679 520
533 1638 574 1693 sq.
593 1628 709 1679 Galland.
728 1640 755 1692 p.
772 1624 825 1677 244
834 1638 877 1690 sq.
911 1622 949 1675 Cf.
968 1624 1030 1677 uin.
1048 1623 1078 1675 N.
1093 1624 1122 1676 T.
1139 1638 1165 1690 p.
1174 1622 1244 1684 33⁰.)

294 1794 302 1817 .
330 1797 339 1816 .
367 1799 377 1819 .
403 1746 486 1837 μετά
512 1748 547 1815 δὲ
568 1738 691 1841 χρόνον
716 1743 790 1815 τινά
809 1743 843 1832 ¹)
870 1742 916 1826 εἰς
938 1741 1157 1837 Ἰερουσαλήμ
1181 1740 1284 1813 πάλιν
1317 1816 1324 1821 ,

243 1847 262 1921 ὁ
290 1852 428 1930 Παῦλος
460 1852 612 1941 ἐκτρέχει,
644 1839 815 1941 όιγόμενος
845 1844 905 1914 τόν
934 1850 1082 1941 Πέτρον,
1121 1852 1209 1915 ἔνθα
1241 1842 1282 1928 δή

241 1958 297 2024 καὶ
323 1952 529 2045 διαιροῦνται
553 1945 637 2040 πρὸς
663 1942 827 2030 ἀλλήλους
847 1941 985 2016 άπασαν
998 1945 1060 2032 τήν
1077 1946 1282 2037 οἰκουμένην,

242 2059 298 2123 καὶ
323 2049 385 2136 τήν
410 2056 475 2119 τῦιν
496 2054 606 2119 ἐθνῶν
629 2050 750 2141 μερίδα
775 2050 914 2129 Παῦλος
937 2046 1065 2137 λαβὼν,
1088 2045 1133 2129 ιός
1159 2047 1198 2133 δή
1220 2048 1283 2117 τοῦ

244 2156 374 2244 Πέτρου
399 2150 439 2221 τό
465 2148 654 2219 Ἰουδαϊκόν
677 2144 843 2218 διδάσκειν
866 2144 1041 2238 λαχόντος,
1073 2147 1199 2230 πολλάς
1221 2156 1282 2237 μὲν

241 2251 366 2333 πόλεις,
398 2250 525 2331 πολλάς
550 2255 586 2319 δὲ
608 2244 718 2341 χώρας
744 2248 1006 2342 περιενόστησεν,
1036 2256 1158 2343 μικροῦ
1183 2253 1217 2319 δλ
1241 2246 1282 2319 τό

238 2348 422 2444 Ἰλλυρικόν
447 2348 539 2420 άπαν
562 2354 629 2419 τῶν
649 2355 707 2435 της
734 2349 779 2431 εἰς
805 2348 955 2443 Χριστόν
973 2346 1139 2439 εὐσεβείας
1158 2349 1283 2439 δογμά·

241 2481 307 2524 των
329 2455 501 2536 λοίπλησε·
533 2455 637 2546 μυρία
661 2458 744 2539 γοῦν
768 2447 927 2522 πάνδεινα
948 2451 1104 2532 παθόν,
1119 2460 1176 2526 καὶ
1200 2450 1282 2522 ῦπο-

241 2553 323 2636 στάς
348 2552 428 2644 ὑπὲρ
455 2559 512 2634 τῆς
537 2552 583 2634 εἰς
608 2548 757 2643 Χριστόν
780 2559 935 2633 πίστεως,
968 2551 1048 2634 τλάς
1074 2557 1110 2621 δὲ
1138 2551 1283 2633 πολλοῦς

240 2663 296 2726 καὶ
329 2649 515 2749 διαφόρους
536 2650 730 2734 κινδύνους,
773 2649 874 2733 ὅσους
907 2649 1011 2734 αότός
1041 2646 1282 2748 άναγράφεται,

241 2753 321 2847 ὑπὲρ
353 2761 414 2824 τοῦ
445 2756 647 2840 εὐαγγελίου,
680 2761 738 2824 καὶ
765 2751 846 2834 τοῦς
877 2750 979 2835 όλονς
1003 2750 1106 2836 αὐτός
1137 2750 1282 2838 νικήσας,

241 2865 297 2924 καὶ
328 2855 606 2944 δξαγωνιοάμενος
631 2857 672 2952 τῇ
693 2856 818 2922 πίστει.
843 2853 891 2935 εἰς
909 2857 958 2923 ἔτι
982 2860 1048 2950 γάρ
1079 2857 1155 2924 τότε
1179 2852 1283 2939 ἤθελε

158 2955 167 2964 ’
240 2953 381 3026 Παῦλον
406 2951 426 3027 ό
452 2953 544 3036 Θιός,
570 2959 628 3025 καὶ
649 2953 670 3038 ἡ
696 2949 841 3046 άῤῥητος
862 2961 922 3025 τοῦ
942 2961 1058 3048 κυρίου
1078 2955 1201 3045 βουλή,
1226 2959 1282 3026 καὶ

240 3055 261 3143 ἡ
296 3057 492 3148 προθεσμία
529 3057 631 3125 αὐτοῦ
663 3060 785 3125 τοῦτον
814 3067 942 3146 κατεῖχε
971 3055 1056 3146 μετά
1090 3053 1283 3150 ἀνθρώπων

240 3154 379 3247 διάγειν,
406 3156 453 3236 εἷς
475 3151 531 3224 ότε
555 3154 594 3224 τὸ
622 3150 810 3242 εῦαγγέλαον
837 3153 944 3227 άπασε
967 3165 1038 3239 τοῖς
1055 3163 1170 3228 ἔθνεσι
1183 3152 1282 3249 κηρῦ-

240 3259 303 3340 ξει.
328 3253 394 3348 ὀψὲ
425 3258 461 3324 δι’
480 3282 545 3324 που
566 3259 626 3340 τῆς
651 3251 755 3349 όόρας,
782 3247 888 3337 αὖθις
911 3255 931 3326 ὁ
954 3261 1094 3340 Παῦλος
1117 3253 1283 3327 ἐπάνεισιν

241 3353 525 3449 εἰςἸεροσόλυμα,
550 3355 629 3438 τοῦς
655 3361 754 3428 ἐκεῖσε
779 3354 894 3444 άγίους
926 3357 1195 3448 ἐπισκεψόμενος,
1225 3363 1282 3427 καὶ

199 3509 221 3531 .-
240 3459 315 3538 τοῖς
343 3463 488 3547 πτωχοῖς
520 3453 765 3546 ἐπικουρήσων.
802 3463 836 3526 ἐν
868 3459 904 3526 δὲ
933 3462 979 3551 τῷ
1009 3457 1132 3548 μεταξὺ
1165 3456 1282 3538 στάσις

239 3555 427 3652 κατειλήφει
452 3584 502 3636 τις
527 3553 588 3639 τήν
611 3554 723 3636 πόλιν,
756 3560 813 3626 καὶ
839 3553 858 3627 ό
886 3559 991 3646 δῆμος
1012 3551 1056 3644 ήν
1082 3565 1117 3628 ἐν
1138 3557 1281 3652 θορύβῳ

240 3664 361 3752 πολλῷ,
380 3655 555 3727 Ἰουδαίων
570 3657 804 3746 ταραττόντων
817 3657 856 3729 τό
872 3655 999 3747 κοινόν.
1025 3657 1132 3730 δεινόν
1144 3660 1211 3750 γάρ
1225 3666 1281 3729 καὶ

188 3832 191 3842 1
238 3756 324 3850 βαρό
350 3751 534 3845 ήγήσαντο,
559 3754 749 3851 κατήγορον
768 3757 852 3848 ἔχειν
875 3759 935 3830 τόν
959 3756 1065 3829 πάλαι
1089 3757 1290 3854 προστάτην.

179 3948 184 3954 ¹
239 3865 296 3929 καὶ
318 3856 476 3929 κοινωνόν
494 3854 604 3928 αὐτῶν
625 3865 684 3943 τῆς
703 3867 841 3947 μανίας,
874 3868 933 3930 καὶ
955 3856 1160 3932 άποκτείναν
1177 3857 1282 3930 αὐτόν

239 3962 412 4030 ἔσπευδον·
440 3955 508 4027 ἀλλ’
533 3954 639 4040 εὐθὺς
664 3956 683 4030 ὁ
706 3966 876 4056 χιλίαρχος
900 3963 1032 4042 Λυσίας
1057 3967 1178 4032 τοῦτον
1198 3961 1279 4042 ἐξαι-

285 4141 306 4206 Ι)
324 4145 464 4197 Praecedit
481 4148 598 4200 narratio
617 4149 652 4198 ds
669 4148 744 4200 Pauli
762 4149 877 4217 sssvltis
894 4149 922 4200 ίο
940 4149 1108 4200 Christianos
1122 4152 1149 4198 st
1162 4159 1279 4198 οοονετ-

240 4213 317 4264 sions
336 4215 362 4265 in
381 4215 477 4266 itinere
495 4215 674 4267 Damascene.
