2917 4875
8 4273 9 4278 ,
86 4245 95 4274 l

662 312 876 374 ..20-

248 480 452 567 dicandum,
486 483 573 555 sicut
608 480 675 554 illis
707 483 872 574 magister
902 482 1070 553 Dominus
1096 483 1289 577 imperave-

250 598 319 667 rat,
349 597 386 659 et
420 608 483 680 per
514 604 624 655 anuos
655 583 751 655 XXV.
774 579 824 681 ¹),
866 582 1053 677 usquead
1082 583 1288 678 principium

249 688 435 759 Neroniani
461 684 617 780 imperii,
650 708 713 779 per
739 706 861 757 omnes
887 684 1083 779 provincias
1109 695 1146 756 et
1171 686 1289 757 ciuita-

249 800 302 869 tes
328 789 496 863 eeclesiae
523 785 751 860 fundamenta·
768 786 946 857 miserunt.
1006 786 1189 877 Quumque
1218 791 1289 877 jam

248 891 340 963 Nero
368 891 567 983 imperaret,
602 888 722 961 Petrus
756 888 899 960 Romam
932 886 1090 967 advenit,
1126 896 1162 959 et
1187 888 1289 960 editis

162 1080 163 1083 Ἴ
249 991 458 1086 quibusdam
484 990 677 1070 miraculis,
705 1011 795 1082 quae
818 989 945 1060 virtute
976 989 1084 1082 ipsius
1105 989 1185 1071 Ilei,
1210 989 1288 1061 data

250 1094 316 1165 sibi
343 1093 389 1163 ab
415 1114 459 1167 eo
484 1100 671 1187 potestate,
705 1090 869 1171 iaciebat,
904 1091 1075 1161 conuertit
1097 1092 1223 1163 multos
1245 1092 1290 1162 ad

247 1194 431 1285 justitiam,
465 1194 609 1285 Deoque
641 1194 806 1287 templum
838 1189 942 1263 fidele
971 1212 1013 1263 ac
1035 1192 1158 1263 stabile
1184 1193 1289 1264 collo·

250 1297 350 1367 cavit.
413 1295 488 1379 Qua
513 1317 552 1366 re
577 1294 622 1365 ad
647 1295 821 1366 Neronem
843 1292 972 1374 delata,
1003 1315 1110 1385 quum
1133 1294 1288 1365 animad-

249 1406 421 1481 verteret,
456 1418 527 1468 non
560 1395 665 1467 modo
690 1396 842 1476 Romae,
870 1392 934 1466 sed
972 1394 1102 1485 ubique
1136 1395 1289 1487 quotidie

249 1518 408 1591 magnam
428 1497 679 1587 multitudinem
706 1494 858 1568 deficere
883 1518 905 1567 a
931 1497 1024 1567 cultu
1045 1495 1228 1577 idolorum,
1254 1506 1290 1567 et

249 1599 294 1672 ad
321 1600 522 1691 religionem
548 1620 691 1679 novam,
722 1597 883 1669 damnata
908 1604 1102 1682 uetustate,
1132 1598 1289 1677 transire,

250 1712 288 1771 ut
314 1711 388 1772 erat
405 1701 630 1773 exsecrabilis
649 1721 691 1771 ac
715 1722 846 1771 nocens
863 1710 1048 1793 tyrannus,
1075 1699 1231 1793 prosiluit
1245 1697 1290 1768 ad

251 1802 484 1874 excidendum
498 1802 648 1873 caeleste
665 1801 831 1896 templum
848 1800 1101 1892 delendamque
1111 1802 1289 1891 justitiam,

251 1914 285 1975 ct
317 1905 448 1998 primus
480 1904 633 1974 omnium
660 1912 864 1996 persecutus
889 1902 955 1974 Dei
978 1923 1121 1984 servos,
1154 1902 1291 1973 Petrum

252 2006 345 2077 cruci
368 2003 489 2078 adfixit
514 2016 549 2076 et
570 2005 712 2075 Paulum
740 2004 910 2075 interiecit
927 2002 973 2100 ²).

629 2145 653 2211 ³¹².
755 2201 780 2250 3
885 2147 910 2197 ‘t

349 2305 487 2377 Petrum
514 2313 548 2376 et
565 2304 705 2376 Paulum
728 2305 829 2376 simul
846 2305 975 2375 Romae
994 2300 1158 2382 adfuisse,
1185 2296 1289 2371 etiam

251 2414 285 2480 in
312 2404 634 2480 Praedicatione
660 2404 776 2478 Petri
803 2406 964 2479 traditum
989 2411 1063 2483 est,
1095 2402 1184 2474 libro
1207 2424 1289 2498 apo·

249 2508 397 2605 crypho,
420 2509 561 2580 ineunte
576 2509 715 2580 saeculo
732 2505 796 2578 lldo
811 2509 1019 2602 conscripto,
1036 2504 1134 2594 cujus
1153 2513 1290 2599 praeter

251 2611 383 2684 titulum
410 2631 581 2704 perpauca
608 2619 739 2681 tantum
762 2613 954 2700 fragmenta
981 2616 1118 2679 servata
1144 2616 1222 2678 sunt
1240 2603 1286 2700 3).

247 2713 406 2784 Eundem
422 2712 547 2781 librum
569 2711 698 2805 passim
716 2710 1012 2782 praedicationem
1031 2708 1122 2779 Petri
1142 2717 1176 2778 et
1194 2705 1288 2776 Pauli

132 2859 133 2862 =
249 2836 315 2886 nec
332 2836 402 2885 non
418 2811 711 2884 praedicationem
729 2813 824 2885 Pauli
838 2812 1046 2907 appellatum
1062 2810 1181 2889 luisse,
1209 2831 1288 2880 cum

248 2936 372 3006 inagna
390 2914 516 3008 specie
541 2913 695 2986 veritatis
715 2915 935 3008 suspicantur
953 2911 1019 2982 viri
1037 2910 1130 2983 docti
1147 2909 1192 3006 ⁴).
1226 2910 1288 2980 Ce-

249 3027 361 3088 terum
391 3026 428 3086 ut
460 3024 580 3087 auctor
610 3017 841 3104 aveteribus
867 3013 1080 3104 coarguitur,
1109 3012 1203 3104 quod
1228 3032 1288 3082 ve·
1324 3030 1328 3042 ·

250 3121 384 3190 ritatem
413 3117 576 3188 historiae
605 3118 827 3208 evangelicae
853 3116 1012 3187 immistis
1037 3114 1289 3186 haereticorum

250 3222 375 3291 sabulis
406 3219 711 3298 contaminaverit,
750 3219 794 3288 ita
830 3219 934 3288 etiam
970 3217 1005 3286 in
1036 3223 1153 3287 nostra
1184 3233 1288 3287 causa

251 3322 347 3394 testis
382 3319 508 3394 dubiae
543 3318 625 3390 lidei
657 3319 910 3392 existimandus
941 3325 1056 3398 esset,
1089 3318 1119 3388 si
1150 3317 1288 3410 proprio

252 3457 458 3470 .-·--n-—-—-·-·-

319 3525 341 3594 1)
375 3531 453 3582 Teste
474 3525 610 3580 Lactantio
633 3525 706 3588 (lust.
726 3525 779 3579 div.
797 3526 841 3578 iv.
859 3524 913 3588 1⁰.)
931 3523 1052 3576 Christus
1071 3535 1141 3575 anno
1162 3521 1229 3574 152⁰
1247 3521 1291 3572 Ti·
1334 3562 1343 3573 .

250 3601 328 3664 herii,
355 3599 463 3652 duobus
482 3595 597 3650 Geminis
620 3610 685 3662 css,
708 3599 724 3650 i.
745 3611 768 3650 e.
787 3609 811 3648 a.
828 3595 863 3647 29
881 3610 907 3660 p.
926 3594 985 3645 Chr.
1005 3594 1149 3646 crucifixus
1166 3596 1215 3643 est.
1249 3591 1290 3642 Ab

249 3673 302 3724 hoo
319 3685 389 3722 anuo
406 3681 496 3732 usque
514 3665 549 3717 ad
566 3678 666 3718 annum·
684 3667 725 3732 54,
744 3680 798 3733 quo
816 3667 885 3717 Nero
905 3663 1048 3730 imperium
1066 3661 1222 3727 auspicatus
1242 3666 1289 3721 est,

155 3780 167 3798 .
249 3741 284 3794 25
303 3739 365 3792 anni
381 3737 551 3790 transierunt.
585 3736 709 3790 Ceterum
726 3737 839 3788 Paulum
855 3732 995 3799 usquead
1013 3731 1290 3784 aunum68iuGrae·

251 3812 290 3865 cia
311 3814 337 3864 et
355 3806 417 3861 Asia
435 3806 573 3870 docuisse,
595 3819 661 3858 sana
685 3805 765 3860 docet
782 3805 911 3870 temporis
929 3801 1094 3868 computatio
1113 3800 1150 3864 (v.
1163 3795 1289 3863 &illalum

251 3874 415 3948 &annalogia
431 3887 461 3928 st.
480 3888 507 3941 p.
528 3875 601 3940 118).

318 3947 342 4010 ²)
379 3947 520 4013 apostolus
546 3959 561 3996 a
586 3947 690 3997 Nerone
714 3947 887 4009 interemptos
910 3953 982 4001 asse,
1002 3939 1156 3991 Lactantius
1181 3943 1207 3990 et
1224 3941 1287 3990 lust.

251 4021 303 4072 div.
322 4019 363 4071 lV.
382 4016 424 4067 21.
442 4020 563 4068 testatur.

318 4086 343 4152 3)
378 4087 492 4140 collecta
510 4088 572 4136 sunt
590 4083 617 4134 in
634 4083 701 4136 libro
721 4081 862 4135 Credneri:
890 4075 1007 4146 §Bautae
1030 4091 1072 4146 pu
1089 4072 1231 4144 dirrutum
1248 4073 1289 4127 ina

250 4155 284 4212 m·
303 4155 343 4292 ἦ’)
357 4155 553 4284 pcdffldtatutt,
572 4227 588 4276 t.
602 4226 616 4274 1.
637 4221 808 4290 ereticorum,
826 4217 862 4271 tte
880 4214 1043 4271 (elementiam
1061 4229 1090 4267 st.
1109 4232 1134 4281 p.
1151 4213 1211 4266 254.
