2917 4875
675 253 889 363 qn..

263 472 378 564 gladio
410 470 546 543 occidit.
605 468 699 537 Mox·
715 469 903 540 acervatim
936 470 1098 541 miseram
1114 471 1305 543 'civitatem

263 574 406 643 obortae
442 570 595 662 undique
627 570 745 641 clades
780 581 997 663 oppressere.
1065 572 1152 640 Nam
1181 573 1304 643 subse·

263 669 391 765 quentc
417 683 583 744 autumno
613 680 705 741 tauta
731 671 811 741 urbi
837 671 1031 762 pestilentia
1057 672 1232 753 incubuit,
1265 684 1305 743 nt

264 775 399 865 triginta
427 773 533 843 millia
565 772 767 843 funerum
758 796 793 841 1n
820 772 988 843 rationem
1013 772 1196 845 Libitinae
1206 774 1304 846 veni-

263 885 338 945 rent
359 872 401 968 ¹).
460 875 655 985 Britannica
688 873 816 945 deiude
849 874 966 945 clades
992 896 1013 945 e
1040 874 1187 965 vestigio
1214 875 1305 945 acci·

263 975 327 1056 dit,
355 985 420 1046 cet

646 1169 927 1179 .....——-——--

493 1312 784 1390 Summus
805 1322 1068 1391 SEVERUS.

462 1430 552 1497 Hist.
584 1454 667 1498 sacr.
697 1429 759 1498 lib.
788 1432 835 1497 ll.
869 1454 900 1497 c.
923 1431 967 1499 28
993 1445 1026 1499 et
1046 1431 1101 1500 29,

339 1569 581 1663 Apostolorum
604 1582 700 1644 actus
727 1575 837 1651 Lucas
863 1574 992 1653 edidit,
1025 1593 1136 1663 usque
1165 1572 1199 1641 in
1218 1580 1304 1641 tem·

262 1695 346 1765 pus,
380 1694 448 1762 quo
475 1672 610 1744 Paullus
636 1675 780 1745 Romam
802 1676 974 1747 deductus
1000 1682 1061 1745 est
1076 1674 1214 1745 Nerone
1241 1672 1304 1739 im·
1369 1724 1372 1728 .
1425 1687 1427 1696 ·

261 1782 423 1865 perante:
462 1775 521 1863 qui
549 1776 758 1847 nundinam
786 1799 926 1867 regum,
959 1774 1024 1846 sed
1056 1774 1210 1845 omnium
1241 1771 1306 1843 bo-

261 1873 393 1945 minum
426 1883 461 1943 et
492 1877 549 1945 vel
583 1876 783 1947 immanium
815 1878 1006 1949 bestiarum
1031 1875 1304 1951 sordidissimus,

262 1974 388 2065 diguus
408 1975 553 2056 exstitit,
575 1978 634 2068 qui
651 1980 927 2070 persecutionem
947 1977 982 2046 in
999 1975 1209 2047 Christianos
1236 1973 1304 2067 pri·

263 2098 340 2145 mus
355 2076 538 2170 inciperet:
566 2078 686 2149 nescio
700 2100 757 2165 ⁸an
783 2090 818 2149 et
843 2088 1040 2173 postremus
1066 2076 1230 2170 explebit.
1259 2074 1304 2143 si·

262 2174 403 2267 quidem
424 2178 585 2269 opinione
604 2179 789 2251 multorum
810 2190 987 2271 receptum
1012 2180 1077 2259 sit,
1105 2179 1218 2270 ipsum
1234 2173 1304 2244 An·

263 2275 454 2347 tichristum
480 2287 675 2349 venturum.
727 2280 836 2368 Hujus
861 2280 944 2350 vitia
972 2289 1008 2349 ut
1033 2279 1169 2371 plenius
1196 2298 1303 2370 expo·

263 2398 400 2457 nerem,
434 2377 745 2462 resadmouebat,
780 2380 848 2452 nisi
874 2400 944 2452 non
972 2389 1066 2452 esset
1092 2378 1195 2469 huJ'us
1223 2399 1304 2470 ope·

264 2479 312 2560 ris
337 2488 405 2547 tam
431 2490 527 2551 vasta
554 2482 703 2572 ingredi:
734 2482 770 2552 id
794 2491 925 2551 tantum
951 2481 1137 2552 adnotasse
1164 2488 1305 2550 conten-

265 2589 319 2650 tus
343 2601 439 2662 sum,
463 2580 554 2654 huuc
579 2604 642 2674 per
669 2583 784 2654 omnia
802 2580 1002 2661 foedissima
1019 2580 1305 2652 etcrudelissima

265 2702 308 2752 eo
333 2683 566 2772 processisse,
595 2692 632 2752 ut
659 2693 805 2754 matrem
828 2681 1061 2767 interficeret,
1095 2691 1173 2776 post
1199 2681 1305 2752 etiam

264 2778 478 2874 Pythagorae
503 2783 641 2854 cuidam
667 2784 702 2852 iu
728 2784 872 2854 modum
899 2784 1106 2854 solemnium
1127 2782 1305 2872 conjugio-

265 2882 516 2954 rumunberot:
550 2885 765 2976 inditumque
782 2885 980 2978 imperatori
996 2885 1210 2954 flammeum:
1239 2882 1306 2952 dos

263 2991 298 3053 et
324 2983 467 3074 genialis
490 2994 584 3056 torus
612 2996 646 3056 et
672 2988 767 3058 laces
790 2987 976 3079 nuptiales,
1007 2994 1130 3057 cuncta
1154 2985 1305 3074 denique

265 3104 355 3176 quae
389 3086 446 3155 vel
473 3087 508 3154 iu
535 3086 671 3158 leminis
694 3110 768 3158 uon
795 3087 871 3158 siue
898 3086 1109 3158 verecundia
1135 3084 1304 3178 conspici-

264 3192 385 3264 untur,
413 3195 575 3280 spectata.
604 3188 735 3277 reliqua
762 3208 847 3258 vero
874 3187 971 3276 ejus,
999 3189 1168 3257 incertum
1193 3187 1306 3279 pigeat

265 3306 309 3355 an
338 3286 466 3377 pudeat
497 3287 606 3378 magis
639 3288 824 3363 disserere.
885 3289 948 3358 Hic
979 3289 1111 3381 primus
1146 3285 1305 3357 Christia-

266 3407 349 3454 num
374 3407 502 3458 nomeu
529 3389 648 3460 tollere
675 3409 861 3480 aggressus
889 3397 962 3459 est:
1005 3388 1132 3482 quippe
1167 3408 1306 3480 semper

266 3486 403 3558 inimica
436 3489 621 3560 virtutibus
649 3491 732 3560 vitia
765 3498 862 3570 suut,
895 3498 930 3559 et
961 3489 1079 3582 optimi
1106 3489 1235 3580 quique
1261 3488 1306 3556 ab

266 3588 432 3681 improbis
459 3589 557 3680 quasi
584 3589 838 3683 exprobrantes
852 3589 1097 3682 adspiciuntur.
1150 3591 1306 3678 Namque

267 3710 310 3758 eo
347 3698 501 3781 tempore
536 3688 654 3760 divina
681 3689 773 3784 apud
799 3689 927 3762 Urbem
957 3690 1078 3780 religio
1104 3690 1304 3768 invaluerat,

266 3788 366 3859 Petro
393 3789 441 3859 ibi
475 3789 709 3885 episcopatum
741 3803 900 3884 gerente,
935 3801 970 3862 et
1002 3790 1136 3871 Paullo,
1170 3799 1307 3885 postca·
1369 3811 1372 3831 ¹

167 3890 170 3894 ’
267 3909 370 3981 quam
404 3891 448 3960 ab
478 3891 604 3981 injusto
638 3895 806 3986 praesulis
829 3893 959 3983 judicio
982 3893 1164 3964 Caesarem
1191 3891 1305 4035 appel-

325 4101 343 4168 ¹)
371 4106 409 4158 Cl.
428 4099 502 4158 Suet
520 4107 581 4160 Ner.
599 4105 641 4158 39.
660 4107 720 4158 Tac.
740 4120 800 4157 aun.
818 4107 887 4168 livl,
907 4105 948 4158 13
983 4105 1097 4159 Morbus
1117 4105 1244 4158 cecidit
1235 4119 1305 4157 rua

268 4175 310 4228 65.
333 4190 410 4228 aerae
427 4179 546 4229 nostrae
582 4174 709 4239 (Cliuton,
727 4175 788 4256 last.
807 4176 892 4238 ltom)
