2917 4875
673 280 888 343 ...18-

260 453 359 532 lieas,
384 452 475 546 apud
499 470 587 545 quas
612 450 708 545 ipsae
734 449 849 525 adhue
863 450 1049 525 cathedrae
1064 451 1303 547 apostolorum

260 554 332 623 suis
358 554 443 625 locis
477 553 695 647 praesident,
728 554 821 648 apud
847 575 934 647 quas
959 555 1056 649 ipsae
1081 552 1302 623 authenticae

258 655 391 725 litterae
407 677 528 725 eorum
543 656 750 737 recitantur,
778 665 942 727 sonantes
959 676 1083 726 vocem
1100 664 1136 726 et
1160 674 1301 747 reprae-

258 764 434 827 sentantes
467 756 591 826 taciem
626 756 907 848 uniuscujusque.
971 754 1131 828 Proxima
1157 755 1301 825 esttibi

256 854 411 949 Achaja‘l
450 856 558 929 hahes
578 856 788 929 Corinthum.
841 857 876 928 Si
902 880 972 929 nou
999 858 1101 949 louge
1127 878 1167 927 es
1189 854 1300 926 allia-

257 956 422 1041 cedonia,
455 956 565 1031 habes
592 956 786 1054 Philippos,
822 957 931 1031 hahes
956 956 1298 1029 Thessalonicenses,

256 1062 291 1130 Si
323 1068 422 1153 potes
456 1060 490 1130 in
525 1058 643 1131 Asiam
675 1060 841 1141 tendere,
880 1057 987 1131 hahes
1016 1056 1203 1155 Ephesum.
1261 1060 1299 1129 Si

255 1170 370 1231 autem
404 1162 518 1235 ltaliae
550 1160 707 1252 adjaces,
742 1158 851 1233 habes
883 1163 1043 1242 Romam,
1076 1160 1170 1231 unde
1195 1161 1299 1231 uobis

257 1284 397 1355 quoque
420 1264 605 1335 auctoritas
629 1272 767 1357 praesto
793 1272 856 1335 est.
915 1264 982 1334 lsta
1005 1284 1109 1355 quam
1133 1262 1218 1333 felix
1239 1284 1297 1333 ec-

255 1363 379 1444 clesia,
411 1366 468 1436 cui
502 1374 608 1436 totam
635 1364 827 1435 doctrinam
853 1366 999 1459 apostoli
1025 1385 1104 1435 cum
1128 1364 1297 1453 sanguiue

256 1487 320 1536 suo
347 1464 594 1560 profuderunt,
622 1465 683 1536 uhi
707 1464 828 1537 Petrus
851 1466 1004 1559 passioni
1025 1464 1218 1536 dominicae
1234 1465 1296 1535 ad-

254 1576 442 1660 aequatur,
479 1567 541 1638 ubi
566 1566 692 1637 Paulus
717 1566 857 1638 loannis
881 1568 976 1637 exitu
1004 1575 1204 1647 coronatur,
1234 1566 1296 1636 uhi
1331 1612 1335 1623 ι

253 1671 430 1762 apostolus
456 1669 616 1750 loannes,
645 1679 871 1763 posteaquam
895 1668 929 1738 iu
946 1668 1061 1739 oleum
1079 1670 1217 1759 igneum
1234 1668 1296 1738 de-

254 1766 500 1863 mersuanihil
527 1791 650 1863 passus
678 1780 749 1850 est,
781 1771 817 1838 iu
849 1769 996 1841 insulam
1030 1770 1210 1861 relegatur.
1243 1771 1294 1839 vi·

253 1870 397 1945 deamus
420 1870 503 1964 quid
528 1872 704 1952 didicerit,
738 1869 822 1968 quid
853 1870 1025 1951 docuerit,
1058 1894 1137 1941 eum
1163 1869 1293 1940 Africa-

142 2052 146 2059 ,
254 1974 307 2044 nis
333 1995 470 2065 quoque
499 1973 657 2043 ecclesiis
680 1972 935 2044 contesserarit.

663 2142 808 2214 scorpiace
827 2148 868 2199 15.

166 2353 172 2363 Ι
326 2262 422 2345 Quae
450 2272 563 2337 tamen
584 2286 710 2358 passos
736 2268 913 2361 apostolos
936 2264 1086 2346 scimus,
1111 2263 1292 2334 manifesta
1388 2268 1390 2272 ’

251 2364 406 2435 doctriua
430 2375 502 2449 est,
537 2362 626 2439 hauc
653 2369 805 2460 intelligo
833 2369 941 2442 solam
968 2365 1051 2439 Acta
1079 2367 1291 2451 decurrens,

173 2507 177 2515 κ
250 2465 333 2538 nihil
357 2487 510 2559 quaer03
543 2491 702 2544 carceres
729 2471 814 2552 illic,
841 2481 876 2542 et
901 2471 1058 2550 vincula,
1086 2478 1120 2540 et
1145 2466 1289 2559 flagella,
1324 2513 1334 2526 .

249 2577 283 2638 et
310 2589 414 2651 saxa,
448 2579 483 2640 et
510 2570 614 2662 gladii
641 2582 676 2642 et
701 2573 851 2666 impetus
875 2571 1084 2642 ludaeorum
1110 2580 1146 2639 et
1169 2580 1290 2639 coatus

248 2667 450 2752 Natiouum,
484 2681 519 2742 et
545 2669 762 2744 tribunorum
788 2673 921 2764 elogia,
949 2681 984 2745 et
1010 2693 1132 2764 regum
1156 2670 1289 2740 audito-

248 2771 298 2840 ria
335 2780 369 2842 et
405 2775 651 2866 proconsulum
687 2775 869 2845 tribunalia
905 2784 941 2845 et
976 2774 1132 2845 Caesaris
1162 2793 1290 2842 nomen

248 2871 471 2966 interpretem
503 2896 573 2945 non
613 2873 754 2946 hahent.
828 2875 930 2960 Quod
964 2873 1086 2948 Petrus
1122 2870 1287 2954 caeditur,

246 2974 342 3066 quod
366 2974 559 3068 Stephanus
586 2977 811 3070 opprimitur,
840 2977 935 3070 quod
960 2976 1106 3049 Jacohus
1136 2974 1289 3045 immola·

246 3081 319 3156 tur,
345 3073 441 3169 quod
458 3075 582 3148 Paulus
598 3075 817 3160 distrahitur,
844 3080 997 3171 ipsorum
1017 3077 1184 3168 sauguine
1203 3077 1287 3147 scri·

245 3185 302 3269 pta
329 3187 418 3246 suut.
481 3177 523 3248 Et
547 3179 577 3247 si
604 3175 708 3248 fidem
731 3181 968 3249 commentarii
992 3179 1142 3251 voluerit
1166 3176 1287 3249 haere·

245 3279 349 3358 ticus,
377 3277 603 3350 instrumenta
626 3280 761 3375 imperii
788 3282 992 3373 loquentur,
1020 3289 1057 3350 ut
1082 3279 1215 3374 lapides
1232 3279 1285 3350 Je-

244 3380 405 3452 rusalem.
462 3379 557 3452 Vitas
584 3381 769 3452 Caesarum
794 3381 963 3473 legimus3
991 3381 1159 3454 orientem
1180 3380 1286 3453 tidem

243 3481 375 3578 primus
400 3481 491 3552 Nero
521 3482 723 3553 cruentavit.
776 3477 870 3554 Tunc
893 3483 1013 3555 Petrus
1028 3484 1073 3553 ab
1088 3485 1197 3554 altero
1213 3484 1284 3554 cin-

243 3581 352 3675 gitur,
380 3604 488 3674 quum
514 3584 608 3655 cruci
634 3583 866 3675 adstringitur.
931 3584 1025 3659 Tune
1050 3585 1175 3656 Paulus
1201 3585 1283 3656 civi-

243 3684 321 3756 tatis
347 3684 522 3756 Romanae
549 3685 774 3778 consequitur
806 3686 1041 3768 nativitatem,
1076 3707 1184 3780 quum
1215 3686 1283 3756 illic

242 3786 395 3880 martyrii
422 3785 613 3858 renascitur
638 3787 881 3878 generositate.

604 3929 606 3934 ,
623 3957 812 4026 Aporogctious
829 3974 852 4012 c.
871 3959 896 4011 ὅ.

253 4125 255 4134 ,
318 4038 502 4126 Consulite
517 4056 783 4128 commentarios
805 4049 973 4128 vestros?
995 4051 1065 4124 illic
1099 4053 1280 4148 reperietis

239 4157 386 4250 primum
418 4155 591 4227 Neronem
624 4159 658 4227 in
685 4156 775 4229 haue
799 4165 930 4230 sectam
955 4155 1188 4228 cummaxime
1213 4153 1279 4228 Ro·
