2917 4875
163 1622 290 1725 fama
325 1656 399 1739 illa,
437 1677 540 1748 quarn
575 1656 749 1730 Eusebius
785 1659 828 1730 ad
863 1680 902 1729 se
931 1658 1094 1752 perlatam
1127 1642 1206 1730 esse

162 1769 350 1838 memorat,
386 1758 680 1849 subsequentibus
714 1754 863 1832 saeculis
896 1760 1026 1834 sensim
1056 1783 1120 1855 per
1150 1782 1206 1830 ec·

162 1860 305 1935 elesiam
337 1860 508 1932 increbuit
540 1869 575 1929 et
609 1858 813 1957 amplificata
842 1870 877 1930 et
912 1870 1031 1941 aucta,
1074 1862 1206 1932 coales·
1281 1897 1283 1904 v

161 1969 262 2032 cente
291 1960 402 2032 indies
429 1958 573 2041 fiducia,
601 1985 663 2056 pro
696 1984 780 2035 vera
808 1960 1117 2035 historiavendita
1140 1972 1203 2033 est

161 2064 233 2132 Nec
260 2062 400 2132 minime
428 2061 507 2134 ideo
534 2064 688 2157 profecto
716 2076 751 2136 et
779 2062 979 2135 celebritate
1006 2072 1041 2134 et
1059 2062 1205 2134 auctori·

162 2172 230 2233 tate
257 2163 416 2245 invaluit,
444 2165 539 2256 quod
565 2163 756 2237 Eusebium
783 2174 882 2235 nacta
909 2176 982 2236 erat
997 2185 1204 2259 praeconem

160 2276 195 2336 et
221 2286 411 2337 suasorem.
465 2264 564 2337 Certe
591 2255 756 2361 plurimos
784 2264 854 2361 (vel
882 2264 995 2338 dicam
1027 2263 1203 2360 omnesl)‚

161 2367 220 2460 qui
245 2367 387 2438 Paulum
414 2366 474 2440 bis·
494 2366 624 2440 Rornae
642 2366 750 2442 luisse
778 2377 955 2450 asserunt,
986 2375 1121 2440 constat
1147 2388 1204 2439 co·

160 2467 324 2560 gnovisse
351 2468 458 2540 libros
482 2465 642 2550 Eusebii,
679 2466 760 2542 licet
784 2491 854 2539 non
877 2490 1000 2541 omues
1025 2489 1105 2538 eum
1132 2470 1203 2536 tau-

160 2569 328 2642 daverint.
388 2567 442 2640 ux
474 2565 610 2642 illorum
644 2569 792 2644 lectione
826 2569 1044 2665 potissimum
1071 2577 1203 2641 cetero·
1239 2660 1244 2669 ι

160 2695 256 2753 rum,
284 2671 344 2764 qui
377 2672 411 2742 in
445 2669 585 2743 Oriente
620 2669 827 2754 lloruerunt,
866 2673 1067 2743 unanimum
1092 2691 1203 2766 paene

159 2772 224 2844 hac
248 2774 283 2843 in
309 2795 347 2843 re
373 2769 518 2845 fluxisse
539 2796 769 2854 consensum,
797 2773 900 2844 etiam
925 2773 1005 2845 ideo
1023 2773 1201 2867 probatur,

159 2873 254 2967 quod
280 2875 340 2968 qui
367 2874 400 2946 ei
426 2875 574 2968 proximi
608 2876 747 2946 luerunt
777 2885 910 2954 aetate,
944 2873 1202 2949 Athanasius

158 2987 194 3048 et
220 2975 408 3070 Cyrillus
434 2973 616 3055 Hieros,
650 2997 870 3068 nequaquam
896 2973 990 3048 idern
1018 2997 1057 3048 se
1082 2997 1202 3070 perce-

158 3078 252 3173 pisse
275 3086 461 3158 testantur,
484 3075 579 3168 quod
604 3077 672 3148 ille.
731 3075 802 3149 Hos
829 3073 1004 3172 Hispanici
1028 3077 1123 3148 Pauli
1149 3077 1201 3145 iti-

157 3179 252 3252 neris
279 3200 359 3252 esse
386 3188 515 3258 testes,
543 3179 776 3251 recentiomm
791 3173 934 3271 quidem
952 3177 1106 3251 nonnulli
1119 3198 1201 3249 con·

158 3281 362 3366 tenderunt;
398 3279 462 3352 sed
494 3278 599 3362 falso,
634 3277 717 3350 nihil
752 3281 845 3351 enim
881 3279 949 3352 nisi
983 3277 1028 3352 de
1055 3278 1200 3352 consilio
1233 3367 1235 3371 .

157 3379 224 3454 viri
252 3379 450 3476 Hispaniam
480 3379 632 3454 adeundi
664 3381 860 3474 loquuntur.
921 3379 1124 3476 Apostolum
1157 3402 1200 3451 eo

157 3484 378 3578 pervenisse,
408 3492 590 3576 postquam
617 3504 735 3556 coram
761 3483 899 3555 Nerone
926 3503 1066 3555 causam
1092 3483 1200 3555 dixis·

156 3595 225 3666 set,
253 3585 383 3680 primus
410 3581 696 3681 Epiphanius,
725 3579 1199 3678 deindeloannestry-

156 3695 374 3770 sostomus
401 3697 435 3758 et
460 3683 755 3760 Theodoretus
783 3680 931 3772 docent;
963 3683 1056 3759 uude
1090 3686 1200 3758 sciant

156 3789 297 3860 omnino
321 3810 391 3860 non
425 3787 579 3860 referunt
600 3785 643 3883 ¹).
696 3787 762 3860 Pro
795 3787 852 3858 illa
884 3789 1031 3861 fontium
1065 3787 1198 3860 incuria

154 3888 239 3980 quid
264 3889 403 3972 mirum,
431 3889 496 3962 hac
519 3899 631 3961 aetate
657 3889 948 3974 narratiunculas,
975 3889 1097 3982 quales
1111 3889 1197 3961 istae

224 4093 246 4156 ι)
281 4097 409 4149 Fortasse
437 4101 464 4147 st
487 4096 542 4163 ipsi
564 4098 618 4149 hoo
644 4111 677 4150 ex
701 4099 760 4150 suta
783 4099 901 4164 epistota
924 4098 959 4150 ad
981 4099 1117 4151 nomos
1135 4101 1197 4150 dots

154 4165 334 4230 collegerunt,
355 4167 427 4218 unde
447 4180 478 4218 se
495 4167 624 4220 hausisse
642 4167 824 4235 flloronymus
843 4165 994 4221 confltetur.
1013 4169 1051 4231 (v.
1070 4171 1161 4221 mmm
1180 4183 1198 4220 ο

153 4245 252 4286 comm.
270 4236 298 4288 tn
315 4235 360 4287 lta.
377 4235 445 4288 intra
464 4235 593 4300 ctutum).
