2917 4875
181 1593 289 1697 Inter
317 1624 423 1696 iibros
449 1636 600 1719 patrum,
633 1624 678 1698 de
705 1626 831 1717 quibus
857 1627 1050 1717 quaeritur,
1079 1635 1113 1697 et
1139 1628 1224 1716 apti-

97 1748 100 1753 ·
180 1726 309 1819 quitata
336 1736 370 1796 et
393 1727 569 1821 scriptoris
598 1722 800 1797 auctoritate
828 1727 957 1798 eminet
983 1729 1015 1796 S.
1034 1729 1224 1799 Clemen-

180 1828 236 1899 tis
263 1826 432 1898 Romani
459 1828 552 1923 prior
575 1828 619 1899 ad
646 1825 840 1899 Corinthios
867 1827 1023 1920 epistota.
1101 1830 1222 1911 Quam,

180 1928 366 2023 utprimum
397 1938 476 1998 ante
509 1926 572 2000 hos
599 1928 768 2001 ducentos
795 1947 904 1998 anuos
930 1925 1224 2024 Constantinopoli

179 2026 214 2100 in
246 2026 403 2120 angliam
437 2028 658 2111 transmissa,
694 2050 776 2099 cura
809 2028 945 2100 Patrioii
972 2030 1063 2101 lunii
1098 2030 1224 2125 prodiit

179 2130 324 2211 oxonii,
348 2128 531 2221 genuinam
560 2128 847 2202 existimaverunt
873 2130 940 2200 viri
966 2128 1060 2201 docti
1082 2152 1162 2203 esse
1184 2130 1223 2201 il·
1327 2163 1331 2176 ·

179 2232 246 2303 lam
273 2230 470 2327 epistolam,
498 2230 637 2323 quaein
656 2228 836 2301 veteribus
857 2231 1015 2303 ecclesiis
1033 2250 1168 2304 summo
1188 2232 1221 2301 in

179 2330 311 2405 honore
338 2331 454 2402 hahita
482 2342 516 2403 et
543 2333 717 2413 interdum
744 2330 834 2403 adeo
852 2330 949 2403 libris
965 2332 1141 2405 canonicis
1161 2330 1221 2404 ad-

179 2443 356 2510 numerata
385 2455 465 2506 esse
490 2433 634 2504 traditur
653 2432 697 2526 ¹).
762 2432 878 2524 ltaque
903 2431 986 2504 dum
1012 2433 1124 2508 avidis
1150 2453 1220 2506 ma·
1266 2512 1275 2518 ,

179 2538 282 2608 nibus
309 2535 435 2604 librum
461 2535 662 2614 revolvunt,
690 2533 857 2648 imprimis
882 2552 925 2604 ea
950 2533 1102 2630 amplexi
1129 2547 1219 2616 sunt,

179 2659 269 2732 quae
285 2633 330 2706 ad
345 2645 447 2729 apost
434 2635 582 2706 tolorum
603 2635 690 2706 vitas
712 2635 885 2728 pertinere
902 2634 1120 2708 videbantur.
1159 2637 1221 2708 Cui

179 2740 271 2810 enim
297 2737 407 2827 major
429 2735 529 2808 hac
521 2759 556 2806 m
580 2759 617 2807 re
644 2733 802 2806 habenda
830 2745 883 2806 est
902 2729 1006 2819 fides,
1029 2737 1220 2832 quamCIe·

179 2841 301 2920 menti,
329 2835 387 2929 qui
415 2838 503 2908 inter
531 2839 660 2930 primos
685 2839 815 2907 Romae
835 2831 1026 2910 Christiano
1044 2842 1159 2911 coetui
1180 2858 1220 2912 se

179 2939 328 3021 addixit,
365 2939 494 3032 quique
520 2957 566 3008 err
591 2939 775 3010 multorum
799 2937 961 3031 opinione
989 2936 1073 3010 Phil.
1101 2939 1155 3011 tv.
1184 2937 1219 3011 3.

178 3043 254 3113 ab
246 3065 322 3136 rpso
340 3039 522 3110 Pauiot
472 3049 522 3109 rut
524 3062 562 3110 er
585 3057 765 3110 numerum
784 3042 848 3109 τῶν
865 3046 1029 3135 συνεργῶν
1050 3039 1219 3114 refertur'

148 3211 153 3222 ,
257 3146 290 3214 S
317 3144 474 3216 Clemens
501 3133 654 3212 nostram
678 3139 858 3236 epistolam
884 3140 1024 3212 nomine
1045 3139 1220 3214 Romanae

178 3233 347 3320 ecelesiae
379 3241 422 3342 ad
457 3239 705 3314 Corinthiacum
732 3239 829 3312 dedit
815 3249 1036 3336 tpaoaturus
1063 3239 1218 3325 dissidia,

178 3347 306 3442 quibus
334 3345 430 3416 iiiut
417 3341 498 3415 tuno
530 3341 740 3414 turbabatur.
799 3340 933 3413 Etenim
964 3367 1071 3436 quum
1103 3343 1219 3418 Corin-

179 3447 227 3520 thi
242 3448 399 3541 quidam,
426 3440 583 3542 neglecta
611 3443 892 3540 presbyterorum
918 3447 1130 3529 auctoritate,
1158 3471 1219 3542 po·

178 3559 336 3622 testatem
363 3548 429 3619 sibi
456 3555 672 3637 arrogarent,
699 3544 841 3616 Romam
867 3543 963 3616 missi
992 3560 1090 3619 erant
1116 3547 1219 3640 iegati

178 3661 356 3746 petentes,
390 3659 426 3720 ut
413 3648 599 3721 teodesia
627 3649 777 3718 Romana
794 3643 1102 3720 ‘exhortationibus
1128 3647 1219 3722 sedi·
1293 3665 1313 3693 ’-

248 3857 270 3924 1)
307 3859 344 3912 Cf
363 3861 463 3914 Eusob
482 3861 544 3914 hist.
565 3863 631 3914 eccl.
651 3857 751 3913 11616.
786 3855 944 3927 Τουτουὸὴ
965 3847 1079 3910 οὖντοῦ
1099 3857 1218 3929 Κλήμεν-

177 3945 220 3986 τος
237 3925 452 4016 dpotmuptrq'
449 3929 498 3990 pta
516 3927 638 3997 ἐπιστολὴ
657 3930 776 4013 pipam,
796 3928 897 3996 μεγάλη
912 3943 940 3979 τε
958 3927 1002 3978 nui
1020 3929 1169 3993 θαυμασία,
1187 3922 1220 3998 ἢν

177 3995 212 4054 ὥς
228 3994 288 4058 ἀπὸ
303 4002 350 4066 τῆς
367 3997 503 4059 Ῥωμαίων
511 3997 653 4084 ἐκκλησίας
670 4001 703 4068 τῇ
719 3999 873 4080 Κορινθίων
886 3994 1083 4064 rimanorum
1108 3998 1220 4058 στάσεως

176 4065 390 4206 ruttttt
405 4065 457 4211 at
476 4051 1219 4206 'triturant-dtututatuta

177 4208 292 4274 ἔγνωμεν
