2917 4875
683 288 898 349 ..16-

424 458 607 533 oms,
640 460 882 539 pre-hysen
899 459 1145 528 Romnum.

475 617 516 667 Ad
533 616 667 667 Proclum.
685 614 796 675 (Euseh.
814 615 877 666 hist
895 618 963 667 ecct
981 618 1018 679 11,
1036 616 1092 681 25.)

342 737 434 829 Ἐγὼ
466 744 501 809 δὲ
528 739 572 809 τὰ
603 734 750 830 τρόπαια
784 744 849 807 τῶν
878 737 1076 807 ἀποστόλων
1106 743 1167 828 ἔχω
1196 742 1310 822 δεῖξαι.

260 838 349 909 Ἐὰν
369 839 435 933 γὰρ
456 838 604 937 θελήσῃς
628 836 791 907 ἀπελθεῖν
814 844 868 907 ἐπὶ
890 838 950 907 τὸν
972 840 1177 919 Βατικανὸν,
1208 841 1232 926 ἢ
1256 848 1310 911 ἐστὶ

266 941 328 1028 τὴν
348 939 431 1011 ὁδὸν
456 942 518 1027 τὴν
537 943 695 1017 Ὠστίαν,
726 936 875 1029 εὑρήσεις
902 941 945 1009 τὰ
970 939 1116 1035 τρόπαια
1137 948 1204 1013 τῶν
1228 940 1309 1012 ταὺ·

196 1099 203 1106 ,
267 1070 327 1127 την
347 1047 572 1137 ἱδρυσαμένων
597 1039 659 1126 τὴν
679 1043 853 1123 ἐκκλησίαν
871 1041 917 1129 ¹).

425 1449 755 1525 ΜΟΠῩΒΙΙῙΒ,
789 1454 925 1533 epioe.
945 1455 1146 1521 corinun.

416 1606 418 1610 ’
518 1615 560 1665 dd
576 1616 720 1668 Romanos.
739 1618 850 1679 (Euseb.
867 1618 893 1666 h.
913 1620 979 1669 eccl.
996 1619 1013 1667 l.
1030 1617 1059 1675 l.)

348 1738 462 1803 Ταῦτα
487 1743 543 1805 καὶ
569 1732 660 1824 ὑμεῖς
686 1734 742 1803 διὰ
767 1742 826 1820 τῆς
851 1734 1017 1819 τοσαύτης
1038 1742 1221 1815 νουθεσίας
1246 1732 1309 1818 τὴν

265 1832 335 1903 ἀπὸ
360 1838 491 1923 Πέτρου
516 1844 572 1905 καὶ
595 1833 736 1905 Παύλου
762 1846 902 1929 φυτείαν
919 1843 1118 1924 γενηθεῖσαν
1137 1832 1309 1922 Ῥωμαίων

197 1936 199 1939 ’
266 1965 302 2005 τε
330 1944 387 2007 καὶ
416 1940 614 2026 Κορινθίων
642 1936 888 2031 συνεκεράσατε.
950 1944 1017 2007 Καὶ
1043 1937 1107 2026 γὰρ
1129 1935 1230 2030 ἄμφω
1252 1944 1308 2003 καὶ

266 2036 312 2117 εἰς
332 2036 394 2120 τὴν
417 2035 581 2129 ἡμετέραν
605 2035 785 2126 Κόρινθον
806 2036 1029 2132 φυτεύσαντες
1051 2036 1155 2126 ἡμᾶς,
1182 2036 1308 2122 ὁμοίως

266 2140 441 2219 ἐδίδαξαν·
474 2136 598 2226 ὁμοίως
628 2144 662 2207 δε·
687 2148 742 2208 καί
767 2139 813 2219 εἰς
838 2140 899 2222 τὴν
919 2136 1066 2209 Ἰταλίαν
1091 2137 1192 2231 ῥμόσε
1215 2136 1307 2204 διδοί-

265 2240 394 2319 ξαντες,
416 2236 650 2332 ἐμαρτύρησαν
668 2238 755 2307 κατὰ
776 2240 836 2307 τὸν
862 2237 968 2309 αὐτὸν
992 2237 1109 2332 καιρόν
1128 2239 1174 2325 ²).
1258 2258 1262 2266 ⁴

265 2383 480 2409 —--=·-

336 2447 356 2512 1)
391 2449 493 2515 Argule
508 2451 562 2504 hoo
578 2455 641 2504 loco
660 2453 754 2502 nititur
772 2453 955 2513 Wieselerus,
981 2466 1036 2516 quo
1059 2452 1170 2517 probet,
1193 2454 1308 2515 aposto-

265 2519 307 2569 los
326 2534 382 2570 non
405 2522 503 2572 eodem
528 2522 584 2581 die.¹
610 2523 660 2574 sed
679 2522 790 2572 modico
809 2524 899 2588 spatio
917 2522 1050 2585 temporis
1070 2520 1232 2586 interposito
1250 2520 1307 2570 vita

266 2588 433 2640 decessisse.
469 2590 579 2642 scilicet
594 2594 691 2642 Petrus
708 2592 779 2640 iuter
796 2592 933 2642 funestam
949 2591 1022 2640 illam
1039 2590 1260 2654 persecutionem
1279 2589 1307 2638 in

264 2657 351 2710 hortis
372 2659 487 2709 Neronis
510 2660 537 2708 in
561 2664 652 2714 monte
670 2661 800 2710 Vaticano
820 2661 880 2710 silis
898 2660 1016 2725 periisse
1037 2660 1159 2722 videtur;
1185 2660 1306 2718 Paulum,

264 2730 296 2776 ut
313 2729 361 2790 qui
379 2728 431 2777 alio
450 2729 511 2777 loco
533 2731 560 2778 et
573 2729 674 2779 mitiori
686 2730 823 2794 supplicio
835 2730 1000 2792 absumptus
1013 2727 1061 2787 sit,
1079 2729 1215 2780 nonnullis
1227 2741 1305 2777 men-

265 2795 345 2875 sibus
365 2800 443 2846 antea
461 2797 591 2860 martyrio
611 2803 773 2878 coronatum
792 2812 870 2882 esse,
894 2796 1042 2848 verisimile
1060 2801 1110 2847 est
1134 2799 1181 2858 (Cf.
1195 2793 1305 2860 ditono:

265 2859 932 3001 ΙΨἳξωΡίίὲιβέᾞιίίηίιοὸσηίίῐσίίτῖίυίυτέίιξίίίίίιῖι
939 2861 1072 2997 ,azimum
1091 2938 1120 2986 et
1136 2936 1247 2984 Paulum
1266 2934 1305 2984 si-

264 3004 321 3052 mul
341 3003 469 3055 Corintho
488 3006 600 3055 llomam
617 3007 758 3069 proiectos
778 3019 850 3066 esse,
870 3005 989 3068 indeque
1001 3005 1165 3067 colligerent,
1182 3004 1305 3063 Paulum,

263 3072 369 3136 priora,
389 3087 460 3137 quae
478 3080 591 3135 vocant,
609 3075 719 3126 vincula
736 3076 854 3125 llomana
871 3087 1036 3139 perpessum
1054 3074 1223 3137 libertatique
1240 3074 1304 3124 red-

264 3141 365 3202 ditum,
396 3142 516 3192 Corinthi
544 3143 676 3194 adfuisse.
727 3145 829 3208 Nempe
851 3158 951 3194 vocem
973 3140 1142 3200 φυτεύσαντα
1165 3143 1217 3192 rati
1240 3154 1304 3191 cum

262 3207 1051 3333 tt⁹³illttt⁰illilf¹ffliltl⁰emili{silli
1068 3210 1195 3328 ltili
1208 3211 1304 3328 illd

612 3320 618 3331 ·
637 3313 658 3344 'rr
1290 3309 1304 3318 “

209 3389 211 3398 ,
263 3348 341 3398 thum
360 3348 524 3411 ingressi,
548 3364 646 3416 sparso
665 3352 843 3414 Evangelioae
861 3350 999 3402 doctrinae
1018 3348 1133 3408 semine,
1154 3360 1206 3397 nos
1224 3346 1304 3397 insti-

263 3419 387 3478 tuerunt,
411 3418 482 3470 etin
501 3421 603 3472 ltaliam
622 3420 704 3470 simul
721 3421 851 3486 proiecti,
876 3435 941 3470 cum
959 3432 1010 3469 vos
1029 3417 1151 3468 similiter
1167 3417 1304 3467 instituis·

265 3490 338 3547 sent,
365 3487 462 3537 eodem
486 3492 610 3552 tempore
634 3489 793 3552 Martyrium
817 3488 1010 3552 pertulerunt“
1039 3485 1174 3547 (Valesius
1192 3485 1220 3534 in
1240 3485 1303 3536 edit.

264 3555 384 3608 Eusebil.
419 3556 457 3605 Gi.
475 3553 546 3620 dog,
570 3551 638 3608 uini
656 3553 696 3606 ίιιε
714 3553 749 3607 se
767 3553 798 3608 lt.
863 3557 912 3607 ‚2
937 3555 962 3618 S.
981 3556 1031 3608 75:
1058 3549 1183 3617 „Soteira
1200 3551 1228 3615 lit
1246 3553 1303 3619 ouri

263 3619 402 3685 iniustior
420 3620 585 3690 geidldiiiclpe
602 3622 643 3676 ilo
655 3622 704 3691 elge
722 3624 767 3685 bo,
785 3623 831 3689 tofi
890 3621 964 3676 uiuo·
984 3622 1052 3688 (uod
1071 3620 1143 3684 ίείτα
1154 3618 1304 3689 αορείίίῴευ

264 3687 409 3757 ffieiteloog)
435 3692 493 3744 nico
515 3689 617 3759 dictinii)
641 3637 667 3744 ίη
690 3694 733 3745 tot
755 3690 847 3747 Dtleoi
876 3691 983 3760 ugrlprn
1002 3690 1106 3758 gemelli
1123 3688 1167 3756 iot
1173 3727 1236 3742 .....
1256 3689 1305 3753 tile·

265 3757 320 3811 true
343 3759 389 3811 not
413 3757 526 3823 ίίοιιίιιί,
549 3759 602 3830 logi
624 3757 759 3826 iiionpllue
782 3771 830 3815 too
851 3707 971 3827 ίίοείοίί),
994 3757 1063 3824 itote
1085 3757 1165 3810 ίαυεοι
1187 3757 1214 3810 iu
1235 3757 1305 3822 uniet

263 3824 384 3894 ποτίοίίί,
407 3829 452 3882 unt
477 3827 562 3898 glogou
584 3829 631 3884 ult
654 3829 763 3884 τίηαοία
785 3830 842 3897 noct
864 3828 975 3893 Stoiien,
996 3834 1034 3880 too
1057 3825 1088 3892 lie
1110 3826 1151 3891 iio
1167 3828 1212 3880 tot
1230 3825 1305 3894 dist·

264 3891 380 3962 dentium
396 3893 525 3965 ίίαείίεην)
543 3927 578 3936 ·-
605 3901 658 3952 Sed
675 3902 843 3953 retinendam
862 3915 926 3951 esse
944 3899 1087 3951 lectionem
1106 3897 1233 3948 codicum
1252 3897 1305 3948 mi-

264 3965 392 4029 nimeque
416 3969 503 4020 verba
524 3970 553 4020 id
576 3969 630 4021 sibi
651 3973 734 4032 velle,
758 3971 834 4034 quod
854 3969 908 4020 illis
931 3967 1045 4033 placuit,
1067 3968 1123 4029 jam
1138 3967 1303 4018 pearsonius

265 4034 366 4086 docuit.
385 4035 434 4095 (De
449 4050 525 4089 succ.
540 4039 618 4104 prim.
633 4041 709 4092 llom.
724 4039 809 4103 episc.
825 4038 891 4089 diss.
902 4039 920 4087 1.
939 4052 966 4102 p.
975 4036 1009 4087 35
1020 4050 1060 4101 sq.
1079 4036 1107 4086 in
1125 4038 1193 4100 opp.
1212 4036 1303 4100 posth.

266 4105 309 4154 ed.
325 4103 457 4155 Dodwell.
491 4109 594 4159 Locum
611 4109 647 4160 ita
666 4109 762 4161 vertit:
789 4107 893 4169 „Ambo
914 4105 1032 4156 enimin
1051 4106 1120 4156 urbe
1137 4107 1231 4154 nostra
1250 4104 1303 4154 Co-

265 4171 353 4224 rintho
377 4173 528 4239 plantantes
554 4192 606 4230 nos
631 4179 754 4231 similiter
778 4178 941 4239 docueruut,
966 4174 1088 4226 similiter
1110 4175 1201 4224 eutem
1224 4175 1252 4225 et
1275 4174 1303 4224 in
