2917 4875
578 272 793 388 225-

160 514 256 563 more
283 494 384 584 igitur
411 494 509 565 nisus
536 505 589 567 est
616 518 678 589 per
704 517 765 568 ora
791 497 886 587 vulgi
912 497 1085 568 volitante.
1133 494 1200 577 Qui

161 617 241 665 num
265 595 403 665 lluxerit
430 616 477 665 ex
503 596 557 665 illa
586 596 630 668 de
654 598 838 690 Hispanico
865 599 959 668 Pauli
986 597 1108 667 itinere
1128 596 1199 669 dis-

159 696 369 788 ceptatione,
411 696 509 785 cujus
544 698 577 766 in
611 718 746 769 canone
777 699 953 770 Muratorii
984 696 1021 767 fit
1053 699 1198 777 mentio,

147 807 389 869 ‚nonconstat
414 798 574 890 quidem,
615 800 784 893 suspicari
809 810 925 872 tamen
957 802 1046 870 licet.
1100 798 1200 869 Haud

159 901 204 967 ita
230 896 370 969 difficile
400 900 492 969 enim
519 897 593 971 lieri
620 901 729 995 potuit
754 940 804 951 —-
830 923 919 994 quae
947 910 1002 974 est
1019 899 1133 969 lamae
1148 901 1199 969 in-

158 997 256 1069 doles
283 1000 455 1071 versatilis
488 1042 555 1080 -,
591 1012 629 1072 ut
662 1002 720 1071 alii
750 1013 968 1084 assererent,
1005 1001 1199 1095 apostolum

159 1109 239 1170 tunc
272 1101 306 1170 in
333 1101 531 1195 Hispaniam
564 1104 757 1196 profectum
790 1126 889 1184 esse,
924 1113 1108 1198 postquam
1133 1102 1229 1173 lio·

106 1198 109 1203 ’
158 1222 233 1270 mae
261 1222 400 1273 causam
426 1202 593 1285 dixisset,
634 1205 708 1285 alii,
740 1205 924 1298 Hispanico
947 1205 1069 1275 itinere
1095 1202 1200 1274 modo

156 1313 347 1393 memorato
371 1305 476 1375 modo
501 1307 763 1398 praetermisso,
798 1328 878 1377 eum
905 1306 1052 1377 vinculis
1078 1306 1200 1375 Roma·

157 1405 211 1474 nis
238 1405 418 1477 liberatum
446 1428 526 1477 esse
554 1408 738 1479 traderent.
792 1407 948 1490 Quorum
974 1429 1022 1478 ex
1047 1427 1108 1480 ore
1132 1404 1200 1476 Hu-

158 1506 277 1577 sebius
304 1529 377 1577 rem
404 1509 577 1601 percepit,
606 1509 629 1578 ii
656 1510 701 1579 de
727 1508 888 1603 Hispania
914 1520 973 1579 aut
999 1530 1068 1579 n0n
1095 1508 1201 1578 locuti

157 1630 237 1679 esse
263 1617 321 1678 aut
347 1619 440 1679 certe
466 1609 628 1681 virenon
652 1612 869 1704 persuasisse
887 1610 1059 1681 videntur.
1114 1610 1201 1679 Nam

157 1710 207 1781 siz
223 1710 437 1803 percepisset
475 1720 509 1780 et
543 1712 772 1791 credidisset,
816 1714 972 1804 prolecto
1017 1732 1090 1781 rem
1130 1731 1200 1780 non

157 1821 229 1891 erat
265 1811 469 1881 transiturus
507 1812 664 1893 silentio,
698 1833 787 1903 quae
823 1823 893 1882 tam
930 1813 1021 1883 bene
1056 1811 1101 1883 ad
1137 1830 1200 1881 sua

155 1912 278 2006 placita
311 1911 562 2005 quadraret).
598 1954 650 1969 -
702 1913 771 1983 Sed
798 1914 961 2005 quoniam
987 1911 1070 1982 nibil
1097 1912 1200 1982 tradi-

156 2013 231 2093 dit,
269 2013 335 2085 nisi
370 2012 463 2093 hoc,
503 2012 643 2084 Paulum
679 2025 758 2108 post
790 2015 925 2108 priora,
965 2034 1054 2105 quae
1087 2024 1199 2092 vocat,

155 2115 294 2185 vincula
320 2116 472 2185 Romana
498 2115 647 2185 libertati
673 2116 846 2186 redditum
874 2138 973 2197 esse,
1001 2116 1111 2205 magis
1138 2136 1201 2185 ex-

156 2214 250 2310 pedit
290 2236 480 2310 quaerere,
520 2238 582 2287 cur
618 2214 685 2288 boc
720 2215 907 2287 crediderit
939 2226 974 2287 et
1008 2216 1199 2295 tradiderit,

156 2338 259 2407 quam
294 2316 484 2406 conjicere,
521 2338 582 2387 cur
611 2318 695 2389 illud
722 2318 888 2390 omiserit.
942 2318 1004 2389 Cui
1028 2316 1200 2410 discepta-

157 2419 240 2488 tioni
279 2418 374 2511 quod
407 2417 614 2511 capiendum
650 2419 693 2488 sit
729 2419 881 2499 initium,
921 2420 994 2513 ipse
1027 2419 1199 2493 Eusebius

158 2519 327 2600 ostendit,
367 2518 450 2590 dum
475 2519 593 2590 verbis
622 2520 726 2590 utitur
753 2540 857 2612 supra
887 2541 909 2588 a
934 2520 1036 2592 nobis
1069 2519 1199 2592 descri-
1281 2607 1290 2616 ,

156 2622 251 2716 ptis:
297 2621 397 2704 Εἰκὸς
431 2628 522 2712 picot
557 2620 645 2692 κατὰ
679 2632 743 2712 μὲν
777 2619 882 2717 ἀρχὰς
915 2619 1100 2715 ἠπιώτερον
1139 2626 1201 2692 τοῦ

156 2729 312 2817 Νέρωνος
349 2727 555 2812 διακειμένου
591 2751 621 2792 κ.
661 2752 692 2793 τ.
726 2730 756 2797 λ.
820 2723 918 2794 Haud
953 2722 1102 2795 obscure
1132 2721 1199 2792 hoe
1262 2778 1264 2785 .

156 2825 233 2895 loco
256 2823 408 2916 prodidit
433 2825 576 2903 Noster,
606 2844 776 2915 quaenam
797 2825 883 2894 ratio
910 2844 1081 2894 annorum
1106 2845 1200 2894 com·

156 2923 387 3018 putandorum
422 2925 457 2994 in
491 2922 633 2994 historia
666 2924 760 2994 Pauli
788 2925 857 2995 sibi
890 2925 1067 3018 placuerit.
1121 2925 1199 2994 Ete-

156 3026 227 3096 nim
254 3047 361 3116 quum
385 3027 476 3096 Nero
502 3025 655 3116 quinque
682 3034 814 3098 tantum
840 3025 959 3118 primis
981 3025 1117 3118 imperii
1139 3045 1199 3094 an-

157 3115 212 3198 nis
242 3127 361 3197 mitein
386 3149 425 3198 se
452 3135 487 3196 et
512 3146 663 3217 aequum
689 3127 908 3220 praebuerit,
946 3125 1012 3197 boc
1044 3135 1200 3218 tempore

156 3229 352 3322 apostolum
382 3228 585 3298 absolutum
620 3249 699 3298 esse
724 3229 844 3299 verbis
870 3228 1031 3299 innuitur.
1090 3227 1199 3321 Opor-

52 3399 53 3404 ,
157 3340 206 3400 tet
239 3330 342 3420 igitur
377 3329 466 3399 intra
492 3337 562 3398 tres
589 3328 723 3420 priores
747 3349 857 3399 annos
883 3328 1031 3399 Neronis
1057 3328 1200 3398 Romam

156 3430 311 3511 venerit,
340 3428 519 3500 biennium
542 3428 656 3508 enim,
689 3439 874 3522 antequam
898 3429 1066 3500 sententia
1092 3431 1199 3501 ferre·

157 3541 231 3612 tur,
260 3532 416 3624 captivus
444 3530 491 3600 ibi
517 3530 661 3623 peregit.
714 3530 758 3600 Et
780 3532 902 3602 saltem
923 3531 1033 3602 altero
1058 3529 1200 3621 quidem

157 3654 247 3703 anno
274 3653 354 3702 eum
381 3631 587 3712 advenisse,
621 3631 774 3703 Eusebio
800 3641 933 3703 certum
956 3632 1028 3702 luit.
1083 3631 1200 3702 lllonet

157 3735 250 3805 enim
281 3733 316 3803 in
344 3732 512 3804 Chronico
539 3753 626 3813 suo,
670 3733 789 3804 ultimo
813 3733 945 3805 Claudii
970 3753 1061 3830 anno
1089 3732 1129 3802 in‘
1150 3734 1199 3806 lo·

157 3857 238 3905 cum
269 3835 393 3906 Felicis
419 3833 558 3905 Festum
587 3853 665 3904 esse
701 3835 881 3906 suffectum
903 3831 948 3929 ²).
1012 3832 1124 3916 Quem
1154 3857 1200 3905 ne
1247 3844 1251 3849 ’

228 4018 248 4084 ¹)
283 4023 350 4073 Post
372 3999 520 4076 Eusebium
539 4009 667 4092 permulti
686 4003 837 4092 scriptores
857 4003 1039 4078 ecclesiastici
1060 4022 1113 4075 hoc
1131 4027 1199 4076 tem-

157 4104 225 4155 pore
248 4091 360 4148 Paulum
383 4093 410 4143 in
434 4093 564 4159 Hispania
584 4095 671 4146 luisse
695 4100 843 4148 autumant.
884 4092 921 4144 Cf.
947 4095 1025 4144 locos
1043 4088 1071 4143 in
1090 4105 1149 4158 oap-
1168 4095 1198 4146 V.

158 4161 324 4290 colleppospd
354 4245 454 4282 annum
485 4231 524 4282 14.
552 4233 672 4284 Claudii:
709 4233 790 4286 Felici
819 4233 898 4285 datur
919 4243 1069 4283 successor
1092 4230 1197 4293 Festus,

972 4354 989 4406 4
