2917 4875
600 310 814 373 ..29-

188 500 349 552 recusare
373 482 436 552 vix
459 489 607 575 poterat,
620 480 715 571 ,quin
741 481 1023 573 amplecteretur,
1052 481 1147 572 quod
1171 504 1226 551 ru·
1318 566 1323 571 .

186 604 283 653 more
313 581 637 662 circumferebatur,
679 582 822 653 Paulum
854 580 909 651 bis
941 581 1071 651 Romae
1107 582 1225 653 luisse.

186 684 452 776 Exoptatissima
474 705 515 755 ea
537 683 795 777 proponebatur
821 679 1021 763 medicina,
1043 703 1112 773 qua
1134 704 1227 754 com-

185 790 306 880 putum
335 808 434 857 suum
470 807 549 857 cnm
581 782 676 853 Actis
706 780 952 877 Apostolorum
977 783 1226 855 reconciliaret.

187 888 296 957 Lucas
329 888 421 957 enim
449 909 512 980 per
537 886 715 956 biennium
739 885 935 978 apostolum
959 884 1089 955 Romae
1112 895 1227 955 custo·

186 990 243 1060 dia
268 988 438 1060 inclusum
464 988 572 1058 luisse
596 988 748 1070 monuit;
791 985 943 1057 Eusebio
973 986 1136 1057 undecim
1168 1007 1227 1057 an·

158 1111 309 1172 ⁴uorum
346 1090 492 1183 spatium
528 1088 801 1181 dispensandum
835 1094 920 1157 erat.
982 1086 1073 1157 Dum
1087 1142 1091 1149 .
1107 1087 1227 1180 elapso

186 1192 243 1260 illo
275 1191 416 1263 biennio
450 1191 591 1261 Paulum
622 1188 740 1260 denuo
772 1187 877 1261 fidem
909 1208 1122 1281 propagasse
1155 1210 1227 1259 me·

186 1300 296 1362 morat
316 1288 368 1386 ¹),
404 1314 470 1363 nec
493 1292 606 1362 Lucae
634 1300 817 1383 repugnat,
850 1298 885 1359 el
911 1288 984 1360 suis
1010 1289 1145 1382 placitis
1169 1309 1227 1382 pa-

185 1394 382 1464 trocinatur.
417 1434 466 1443 —-
518 1392 645 1463 Verum
678 1391 857 1463 enimvero
888 1390 949 1459 ubi
984 1390 1080 1461 futile
1107 1390 1227 1463 funda-

185 1502 338 1565 mentum
369 1496 498 1585 jactum
529 1502 602 1572 est,
638 1492 808 1584 quidquid
836 1493 1132 1584 superstruxeris,
1167 1515 1227 1563 ue·

185 1618 285 1666 cesse
303 1606 357 1667 est
372 1606 516 1667 corruat.
570 1593 791 1665 Metutioncm
810 1614 928 1663 rernm
947 1602 1134 1683 gestarum,
1158 1615 1227 1684 qua

185 1696 289 1767 ntitnr
312 1698 457 1777 Noster,
490 1696 520 1767 si
538 1695 630 1785 justo
653 1694 806 1764 examini
823 1692 1036 1782 subjeceris,
1062 1694 1228 1785 adquam

184 1798 348 1888 exiguum
381 1799 527 1892 spatium
559 1796 724 1889 temporis
754 1796 956 1885 rediguntur
981 1796 1063 1865 anui
1090 1797 1125 1866 in
1153 1805 1227 1866 tan-

184 1908 255 1967 tum
278 1921 459 1970 nnmerum
485 1897 703 1989 exaggerati!
758 1896 896 1967 Scilicet
910 1895 1051 1965 Paulum
1073 1907 1108 1967 et
1135 1918 1227 1971 anno

186 1998 244 2071 55.
272 2002 441 2071 Caesarea
464 2000 657 2094 profectum
683 2012 781 2079 esse,
809 2008 843 2067 et
870 2018 962 2069 anno
981 1996 1041 2067 67.
1069 1999 1138 2068 vita
1165 1998 1227 2069 de·

183 2103 356 2183 cessisse,
389 2122 501 2193 aeque
536 2098 660 2169 infitias
687 2099 842 2171 eundum
868 2110 931 2169 est.
991 2097 1164 2180 Quantum
1188 2100 1227 2168 il-

183 2204 242 2299 lud
264 2205 401 2284 attinet,
435 2202 565 2274 diserte
590 2201 707 2272 denuo
735 2199 947 2271 Wieselerus
975 2194 1012 2294 (l.
1032 2200 1054 2268 l.
1073 2223 1107 2293 p.
1127 2201 1228 2272 66-

184 2300 260 2398 99.)
287 2305 498 2397 argumentis
522 2303 707 2373 maximam
736 2311 868 2396 partem
890 2323 911 2371 e
936 2299 1088 2394 losepbo
1112 2303 1226 2396 petitis

184 2406 303 2487 evicit,
336 2406 431 2498 quod
464 2412 582 2476 nostra
614 2412 726 2474 aetate
752 2404 907 2475 virorum
932 2402 1116 2474 doctorum
1139 2405 1226 2498 opti·

184 2529 261 2578 mus
287 2509 434 2598 quisque
462 2503 657 2600 profitetur,
693 2504 835 2575 Paulum
865 2525 897 2572 a.
936 2504 996 2576 60.
1032 2503 1173 2576 demum
1206 2527 1226 2575 a

182 2610 285 2680 Festo
312 2609 392 2679 navi
419 2608 614 2701 impositum
632 2629 713 2678 esse
730 2615 835 2698 atque
850 2628 881 2675 a.
901 2605 960 2676 61.
978 2606 1122 2676 Romam
1148 2630 1226 2700 per·
1314 2648 1316 2652 -

183 2712 324 2782 venisse
341 2707 386 2805 ²).
447 2708 557 2791 Quam
589 2709 679 2778 male
704 2730 763 2778 res
791 2718 907 2798 gestas
933 2729 996 2801 per
1021 2728 1133 2779 annos
1155 2708 1226 2779 dis-

184 2813 337 2906 posuerit
363 2811 556 2890 Eusebius,
598 2831 741 2904 prorsns
775 2809 857 2881 inde
887 2810 1018 2889 elucet,
1059 2809 1154 2901 qnod
1190 2811 1226 2881 in

183 2912 351 2984 Chronico
378 2906 585 2983 seditionem
611 2913 803 2982 Caesareae
829 2933 850 2980 a
874 2910 1014 2981 ludaeis
1034 2920 1164 2982 motam
1180 2910 1225 2981 ad

184 3016 319 3086 tertium
346 3014 520 3085 decimum
548 3033 676 3083 annum
703 3011 834 3082 Claudii
860 3012 993 3091 retulit,
1028 3032 1133 3102 qnam
1159 3014 1225 3082 Ne·

184 3138 269 3186 rone
294 3119 483 3209 imperante
510 3113 701 3194 accidisse,
737 3135 758 3182 e
790 3111 941 3206 losephu
969 3110 1062 3204 (Ant
1089 3115 1163 3185 XX.
1189 3114 1223 3196 8,

184 3217 225 3298 7,
253 3218 298 3288 de
325 3217 417 3288 bello
442 3215 517 3286 Jnd.
546 3217 584 3286 ll.
612 3214 679 3295 13,
708 3211 760 3308 7.)
793 3216 882 3286 scire
915 3235 994 3284 enm
1032 3215 1223 3307 oportebat.

185 3361 232 3370 -
259 3322 295 3388 ln
322 3318 528 3389 contrariam
554 3325 686 3410 partem
713 3336 734 3384 a
760 3339 846 3387 vero
873 3317 1028 3396 recessit,
1056 3338 1163 3407 quum
1179 3317 1225 3387 de

183 3430 292 3491 morte
325 3420 419 3488 Pauli
449 3427 576 3508 ageret.
639 3419 787 3487 Funesta
813 3417 906 3488 enim
932 3415 988 3486 illa
1014 3419 1223 3510 persecutia,

183 3524 271 3592 iuter
297 3542 401 3614 qnam
424 3529 458 3590 et
480 3519 616 3591 Petrum
644 3527 678 3590 et
704 3518 846 3589 Paulum
871 3518 1019 3611 periisse
1045 3530 1223 3600 memorat,

183 3633 270 3694 teste
296 3623 410 3695 Tacito
439 3618 541 3716 (Anu.
558 3620 629 3691 XV.
649 3619 725 3716 llll.)
759 3621 798 3690 G.
825 3619 995 3698 Lecauio,
1023 3619 1074 3688 M.'
1094 3619 1224 3690 Licinio
1283 3703 1287 3711 Ι

251 3867 271 3930 ¹)
307 3869 442 3931 Quamdiu
467 3869 565 3919 Paulus
589 3867 711 3918 libertate
736 3867 842 3919 lructus
862 3866 912 3930 sit,
939 3865 1075 3919 Eusebius
1093 3881 1223 3934 expresse

182 3953 236 3989 nnn
260 3938 368 3989 indicat.
408 3936 592 4004 sequentibus
615 3937 734 3988 saeculis
759 3936 895 3988 increbuit
917 3935 986 3987 lama
1009 3937 1073 3997 (non
1096 3939 1176 4002 plane
1192 3952 1223 3988 ea

182 4022 245 4058 cnm
270 4008 390 4058 Eusebio
415 4007 557 4067 concors),
582 4006 677 4059 decem
703 4021 791 4058 annos
815 4007 993 4072 praedicasse
1016 4009 1172 4072 apostolum
1191 4022 1222 4058 cx

182 4091 238 4142 qno
258 4077 375 4130 libertati
394 4077 518 4128 redditus
537 4075 627 4126 luerit.
663 4077 711 4138 (Cf.
730 4077 899 4138 Euthalium).

250 4143 274 4208 2)
311 4147 348 4196 Cl.
368 4142 482 4208 (blittolo,
500 4142 671 4212 tlltdyengafclp
695 4142 751 4198 aa.
763 4149 782 4196 1.
805 4142 879 4211 atat.
906 4149 928 4199 l.
953 4145 978 4206 S.
996 4145 1038 4198 26.
1074 4139 1114 4195 ῶς
1133 4137 1221 4206 ababa,

183 4212 324 4283 (llrrleltnug
343 4213 382 4266 lna
400 4212 435 4266 bl.
454 4212 484 4267 6.
503 4215 527 4278 S.
548 4215 606 4268 118.
