<?xml version="1.0" encoding="UTF-8"?>
<!DOCTYPE html PUBLIC "-//W3C//DTD XHTML 1.0 Transitional//EN"
    "http://www.w3.org/TR/xhtml1/DTD/xhtml1-transitional.dtd">
<html xmlns="http://www.w3.org/1999/xhtml" xml:lang="en" lang="en">
 <head>
  <title>
</title>
<meta http-equiv="Content-Type" content="text/html;charset=utf-8" />
  <meta name='ocr-system' content='tesseract 3.04.00' />
  <meta name='ocr-capabilities' content='ocr_page ocr_carea ocr_par ocr_line ocrx_word'/>
</head>
<body>
  <div class='ocr_page' id='page_1' title='image "./praecipuapatrum00kunzgoog/praecipuapatrum00kunzgoog_0031.png"; bbox 0 0 2917 4875; ppageno 0'>
   <div class='ocr_carea' id='block_1_1' title="bbox 585 340 797 401">
    <p class='ocr_par' dir='ltr' id='par_1_1' title="bbox 585 340 797 401">
     <span class='ocr_line' id='line_1_1' title="bbox 585 340 797 401; baseline -0.009 -16"><span class='ocrx_word' id='word_1_1' title='bbox 585 340 797 401; x_wconf 73' lang='lat'>...21-</span> 
     </span>
    </p>
   </div>
   <div class='ocr_carea' id='block_1_2' title="bbox 168 504 1211 603">
    <p class='ocr_par' dir='ltr' id='par_1_2' title="bbox 168 504 1211 603">
     <span class='ocr_line' id='line_1_2' title="bbox 168 504 1211 603; baseline 0.006 -28"><span class='ocrx_word' id='word_1_2' title='bbox 168 504 276 576; x_wconf 88' lang='lat' dir='ltr'>lllarte</span> <span class='ocrx_word' id='word_1_3' title='bbox 311 505 395 599; x_wconf 91' lang='lat' dir='ltr'>quid</span> <span class='ocrx_word' id='word_1_4' title='bbox 432 509 664 581; x_wconf 82' lang='lat' dir='ltr'>adseveraret.</span> <span class='ocrx_word' id='word_1_5' title='bbox 744 509 872 580; x_wconf 88' lang='lat' dir='ltr'>Verum</span> <span class='ocrx_word' id='word_1_6' title='bbox 908 510 1088 583; x_wconf 87' lang='lat' dir='ltr'>enimvero</span> <span class='ocrx_word' id='word_1_7' title='bbox 1120 532 1211 603; x_wconf 92' lang='lat' dir='ltr'>qnae</span> 
     </span>
    </p>
   </div>
   <div class='ocr_carea' id='block_1_3' title="bbox 3 596 1211 703">
    <p class='ocr_par' dir='ltr' id='par_1_3' title="bbox 3 596 1211 703">
     <span class='ocr_line' id='line_1_3' title="bbox 3 596 1211 703; baseline 0.006 -29"><span class='ocrx_word' id='word_1_8' title='bbox 3 596 4 634; x_wconf 64' lang='lat'>³</span> <span class='ocrx_word' id='word_1_9' title='bbox 77 622 79 627; x_wconf 86' lang='lat'>·</span> <span class='ocrx_word' id='word_1_10' title='bbox 169 606 320 689; x_wconf 84' lang='lat' dir='ltr'>tradidit,</span> <span class='ocrx_word' id='word_1_11' title='bbox 348 631 417 681; x_wconf 90' lang='lat' dir='ltr'>non</span> <span class='ocrx_word' id='word_1_12' title='bbox 446 621 526 681; x_wconf 89' lang='lat' dir='ltr'>sunt</span> <span class='ocrx_word' id='word_1_13' title='bbox 552 633 642 683; x_wconf 87' lang='lat' dir='ltr'>nova</span> <span class='ocrx_word' id='word_1_14' title='bbox 665 607 707 703; x_wconf 90' lang='lat'>¹).</span> <span class='ocrx_word' id='word_1_15' title='bbox 762 611 1082 683; x_wconf 85' lang='lat' dir='ltr'>Commemorantur</span> <span class='ocrx_word' id='word_1_16' title='bbox 1106 633 1149 682; x_wconf 85' lang='lat' dir='ltr'>ea</span> <span class='ocrx_word' id='word_1_17' title='bbox 1175 613 1211 681; x_wconf 92' lang='lat' dir='ltr'>in</span> 
     </span>
    </p>
   </div>
   <div class='ocr_carea' id='block_1_4' title="bbox 167 707 1221 2425">
    <p class='ocr_par' dir='ltr' id='par_1_4' title="bbox 168 707 1212 1107">
     <span class='ocr_line' id='line_1_4' title="bbox 168 707 1210 808; baseline 0.007 -32"><span class='ocrx_word' id='word_1_18' title='bbox 168 707 416 783; x_wconf 89' lang='lat' dir='ltr'>Dissertatione</span> <span class='ocrx_word' id='word_1_19' title='bbox 439 714 603 807; x_wconf 81' lang='lat' dir='ltr'>anonymi</span> <span class='ocrx_word' id='word_1_20' title='bbox 626 712 802 805; x_wconf 88' lang='lat' dir='ltr'>scriptoris</span> <span class='ocrx_word' id='word_1_21' title='bbox 828 711 960 803; x_wconf 87' lang='lat' dir='ltr'>antiqui</span> <span class='ocrx_word' id='word_1_22' title='bbox 974 711 1019 783; x_wconf 91' lang='lat' dir='ltr'>dc</span> <span class='ocrx_word' id='word_1_23' title='bbox 1040 713 1210 808; x_wconf 89' lang='lat' dir='ltr'>baptismo</span> 
     </span>
     <span class='ocr_line' id='line_1_5' title="bbox 168 808 1212 907; baseline 0.005 -29"><span class='ocrx_word' id='word_1_24' title='bbox 168 808 437 895; x_wconf 88' lang='lat' dir='ltr'>baereticorum,</span> <span class='ocrx_word' id='word_1_25' title='bbox 475 814 609 905; x_wconf 80' lang='lat' dir='ltr'>Rigaltii</span> <span class='ocrx_word' id='word_1_26' title='bbox 639 813 943 885; x_wconf 88' lang='lat' dir='ltr'>observationibus</span> <span class='ocrx_word' id='word_1_27' title='bbox 973 814 1018 887; x_wconf 92' lang='lat' dir='ltr'>ad</span> <span class='ocrx_word' id='word_1_28' title='bbox 1050 814 1212 907; x_wconf 82' lang='lat' dir='ltr'>Cypriani</span> 
     </span>
     <span class='ocr_line' id='line_1_6' title="bbox 168 895 1209 1012; baseline 0.001 -30"><span class='ocrx_word' id='word_1_29' title='bbox 168 912 332 1005; x_wconf 82' lang='lat' dir='ltr'>epistolas</span> <span class='ocrx_word' id='word_1_30' title='bbox 357 913 392 985; x_wconf 88' lang='lat' dir='ltr'>et</span> <span class='ocrx_word' id='word_1_31' title='bbox 422 924 584 988; x_wconf 86' lang='lat' dir='ltr'>tractatus</span> <span class='ocrx_word' id='word_1_32' title='bbox 612 912 737 1010; x_wconf 84' lang='lat' dir='ltr'>(Latet.</span> <span class='ocrx_word' id='word_1_33' title='bbox 770 895 857 985; x_wconf 52' lang='lat' dir='ltr'>Pars</span> <span class='ocrx_word' id='word_1_34' title='bbox 877 912 1005 1012; x_wconf 76' lang='lat' dir='ltr'>rora.)</span> <span class='ocrx_word' id='word_1_35' title='bbox 1038 914 1209 1006; x_wconf 84' lang='lat' dir='ltr'>adjuncta.</span> 
     </span>
     <span class='ocr_line' id='line_1_7' title="bbox 169 1014 892 1107; baseline 0.004 -24"><span class='ocrx_word' id='word_1_36' title='bbox 169 1014 239 1085; x_wconf 88' lang='lat' dir='ltr'>lllic</span> <span class='ocrx_word' id='word_1_37' title='bbox 263 1036 296 1107; x_wconf 91' lang='lat' dir='ltr'>p.</span> <span class='ocrx_word' id='word_1_38' title='bbox 328 1015 399 1089; x_wconf 82' lang='lat'>139</span> <span class='ocrx_word' id='word_1_39' title='bbox 427 1014 472 1088; x_wconf 88' lang='lat' dir='ltr'>dc</span> <span class='ocrx_word' id='word_1_40' title='bbox 500 1018 590 1089; x_wconf 90' lang='lat' dir='ltr'>libro</span> <span class='ocrx_word' id='word_1_41' title='bbox 617 1018 662 1087; x_wconf 85' lang='lat' dir='ltr'>ita</span> <span class='ocrx_word' id='word_1_42' title='bbox 688 1016 892 1088; x_wconf 87' lang='lat' dir='ltr'>disseritur:</span> 
     </span>
    </p>

    <p class='ocr_par' dir='ltr' id='par_1_5' title="bbox 167 1115 1221 2425">
     <span class='ocr_line' id='line_1_8' title="bbox 245 1115 1210 1207; baseline 0.002 -22"><span class='ocrx_word' id='word_1_43' title='bbox 245 1116 329 1197; x_wconf 82' lang='lat' dir='ltr'>„Est</span> <span class='ocrx_word' id='word_1_44' title='bbox 361 1126 476 1189; x_wconf 86' lang='lat' dir='ltr'>autern</span> <span class='ocrx_word' id='word_1_45' title='bbox 508 1115 692 1189; x_wconf 87' lang='lat' dir='ltr'>adulterini</span> <span class='ocrx_word' id='word_1_46' title='bbox 722 1116 842 1207; x_wconf 88' lang='lat' dir='ltr'>hujus,</span> <span class='ocrx_word' id='word_1_47' title='bbox 875 1118 980 1197; x_wconf 86' lang='lat' dir='ltr'>immo</span> <span class='ocrx_word' id='word_1_48' title='bbox 1005 1117 1210 1190; x_wconf 85' lang='lat' dir='ltr'>internecini</span> 
     </span>
     <span class='ocr_line' id='line_1_9' title="bbox 170 1215 1209 1313; baseline 0.004 -28"><span class='ocrx_word' id='word_1_49' title='bbox 170 1215 426 1311; x_wconf 87' lang='lat' dir='ltr'>„baptismatis,</span> <span class='ocrx_word' id='word_1_50' title='bbox 462 1220 492 1289; x_wconf 93' lang='lat' dir='ltr'>si</span> <span class='ocrx_word' id='word_1_51' title='bbox 518 1222 596 1313; x_wconf 90' lang='lat' dir='ltr'>quis</span> <span class='ocrx_word' id='word_1_52' title='bbox 624 1219 711 1289; x_wconf 90' lang='lat' dir='ltr'>alius</span> <span class='ocrx_word' id='word_1_53' title='bbox 738 1228 879 1299; x_wconf 86' lang='lat' dir='ltr'>auctor,</span> <span class='ocrx_word' id='word_1_54' title='bbox 911 1219 1109 1289; x_wconf 78' lang='lat' dir='ltr'>tumeliam</span> <span class='ocrx_word' id='word_1_55' title='bbox 1135 1219 1209 1311; x_wconf 92' lang='lat' dir='ltr'>qui·</span> 
     </span>
     <span class='ocr_line' id='line_1_10' title="bbox 170 1318 1210 1414; baseline 0.001 -26"><span class='ocrx_word' id='word_1_56' title='bbox 170 1318 275 1400; x_wconf 87' lang='lat' dir='ltr'>„dam</span> <span class='ocrx_word' id='word_1_57' title='bbox 299 1322 343 1390; x_wconf 90' lang='lat' dir='ltr'>ab</span> <span class='ocrx_word' id='word_1_58' title='bbox 370 1320 504 1393; x_wconf 89' lang='lat' dir='ltr'>eisdem</span> <span class='ocrx_word' id='word_1_59' title='bbox 531 1321 615 1414; x_wconf 93' lang='lat' dir='ltr'>ipsis</span> <span class='ocrx_word' id='word_1_60' title='bbox 639 1319 824 1395; x_wconf 79' lang='lat' dir='ltr'>haereticis</span> <span class='ocrx_word' id='word_1_61' title='bbox 850 1329 991 1413; x_wconf 90' lang='lat' dir='ltr'>propter</span> <span class='ocrx_word' id='word_1_62' title='bbox 1011 1318 1104 1391; x_wconf 92' lang='lat' dir='ltr'>hunc</span> <span class='ocrx_word' id='word_1_63' title='bbox 1125 1342 1210 1391; x_wconf 91' lang='lat' dir='ltr'>eun·</span> 
     </span>
     <span class='ocr_line' id='line_1_11' title="bbox 170 1420 1210 1513; baseline 0.002 -24"><span class='ocrx_word' id='word_1_64' title='bbox 170 1420 275 1501; x_wconf 88' lang='lat' dir='ltr'>„dem</span> <span class='ocrx_word' id='word_1_65' title='bbox 303 1444 458 1495; x_wconf 89' lang='lat' dir='ltr'>errorem</span> <span class='ocrx_word' id='word_1_66' title='bbox 484 1420 651 1496; x_wconf 87' lang='lat' dir='ltr'>confictus</span> <span class='ocrx_word' id='word_1_67' title='bbox 675 1422 780 1505; x_wconf 89' lang='lat' dir='ltr'>liber,</span> <span class='ocrx_word' id='word_1_68' title='bbox 807 1422 867 1513; x_wconf 91' lang='lat' dir='ltr'>qui</span> <span class='ocrx_word' id='word_1_69' title='bbox 893 1421 1090 1493; x_wconf 84' lang='lat' dir='ltr'>inscribitur</span> <span class='ocrx_word' id='word_1_70' title='bbox 1115 1421 1210 1491; x_wconf 91' lang='lat' dir='ltr'>Pauli</span> 
     </span>
     <span class='ocr_line' id='line_1_12' title="bbox 169 1522 1209 1616; baseline 0.001 -24"><span class='ocrx_word' id='word_1_71' title='bbox 169 1522 413 1614; x_wconf 84' lang='lat' dir='ltr'>„praedicatio</span> <span class='ocrx_word' id='word_1_72' title='bbox 468 1524 506 1594; x_wconf 91' lang='lat' dir='ltr'>ln</span> <span class='ocrx_word' id='word_1_73' title='bbox 532 1546 601 1616; x_wconf 91' lang='lat' dir='ltr'>quo</span> <span class='ocrx_word' id='word_1_74' title='bbox 635 1524 742 1604; x_wconf 91' lang='lat' dir='ltr'>libro,</span> <span class='ocrx_word' id='word_1_75' title='bbox 775 1531 894 1594; x_wconf 91' lang='lat' dir='ltr'>contra</span> <span class='ocrx_word' id='word_1_76' title='bbox 918 1542 1040 1593; x_wconf 86' lang='lat' dir='ltr'>omnes</span> <span class='ocrx_word' id='word_1_77' title='bbox 1065 1524 1209 1616; x_wconf 88' lang='lat' dir='ltr'>scriptu·</span> 
     </span>
     <span class='ocr_line' id='line_1_13' title="bbox 168 1622 1210 1721; baseline 0 -28"><span class='ocrx_word' id='word_1_78' title='bbox 168 1644 260 1705; x_wconf 74' lang='lat' dir='ltr'>„ras</span> <span class='ocrx_word' id='word_1_79' title='bbox 286 1624 377 1697; x_wconf 87' lang='lat' dir='ltr'>etde</span> <span class='ocrx_word' id='word_1_80' title='bbox 390 1634 533 1721; x_wconf 89' lang='lat' dir='ltr'>peccato</span> <span class='ocrx_word' id='word_1_81' title='bbox 546 1626 685 1721; x_wconf 90' lang='lat' dir='ltr'>proprio</span> <span class='ocrx_word' id='word_1_82' title='bbox 704 1622 924 1695; x_wconf 86' lang='lat' dir='ltr'>confitentem</span> <span class='ocrx_word' id='word_1_83' title='bbox 942 1623 1100 1695; x_wconf 87' lang='lat' dir='ltr'>invenies</span> <span class='ocrx_word' id='word_1_84' title='bbox 1115 1623 1210 1696; x_wconf 86' lang='lat' dir='ltr'>Chri·</span> 
     </span>
     <span class='ocr_line' id='line_1_14' title="bbox 169 1724 1221 1819; baseline -0.001 -24"><span class='ocrx_word' id='word_1_85' title='bbox 169 1734 297 1807; x_wconf 88' lang='lat' dir='ltr'>„stum‚</span> <span class='ocrx_word' id='word_1_86' title='bbox 324 1726 383 1819; x_wconf 91' lang='lat' dir='ltr'>qui</span> <span class='ocrx_word' id='word_1_87' title='bbox 413 1728 508 1799; x_wconf 91' lang='lat' dir='ltr'>solus</span> <span class='ocrx_word' id='word_1_88' title='bbox 534 1727 674 1799; x_wconf 89' lang='lat' dir='ltr'>omnino</span> <span class='ocrx_word' id='word_1_89' title='bbox 701 1724 785 1796; x_wconf 90' lang='lat' dir='ltr'>nihil</span> <span class='ocrx_word' id='word_1_90' title='bbox 810 1724 972 1817; x_wconf 88' lang='lat' dir='ltr'>deliquit,</span> <span class='ocrx_word' id='word_1_91' title='bbox 996 1734 1031 1795; x_wconf 86' lang='lat' dir='ltr'>et</span> <span class='ocrx_word' id='word_1_92' title='bbox 1056 1726 1100 1795; x_wconf 86' lang='lat' dir='ltr'>ad</span> <span class='ocrx_word' id='word_1_93' title='bbox 1120 1725 1221 1815; x_wconf 14' lang='lat' dir='ltr'>acci--</span> 
     </span>
     <span class='ocr_line' id='line_1_15' title="bbox 169 1828 1211 1921; baseline 0.003 -26"><span class='ocrx_word' id='word_1_94' title='bbox 169 1828 357 1921; x_wconf 89' lang='lat' dir='ltr'>„piendum</span> <span class='ocrx_word' id='word_1_95' title='bbox 380 1828 543 1899; x_wconf 85' lang='lat' dir='ltr'>lobannis</span> <span class='ocrx_word' id='word_1_96' title='bbox 566 1828 737 1921; x_wconf 87' lang='lat' dir='ltr'>baptisma</span> <span class='ocrx_word' id='word_1_97' title='bbox 763 1848 873 1921; x_wconf 87' lang='lat' dir='ltr'>paene</span> <span class='ocrx_word' id='word_1_98' title='bbox 896 1828 1040 1896; x_wconf 91' lang='lat' dir='ltr'>invitum</span> <span class='ocrx_word' id='word_1_99' title='bbox 1064 1835 1211 1898; x_wconf 88' lang='lat' dir='ltr'>amatre</span> 
     </span>
     <span class='ocr_line' id='line_1_16' title="bbox 167 1928 1209 2025; baseline -0.003 -25"><span class='ocrx_word' id='word_1_100' title='bbox 167 1950 256 2011; x_wconf 91' lang='lat' dir='ltr'>„sna</span> <span class='ocrx_word' id='word_1_101' title='bbox 281 1930 389 2001; x_wconf 86' lang='lat' dir='ltr'>Maria</span> <span class='ocrx_word' id='word_1_102' title='bbox 417 1954 496 2005; x_wconf 88' lang='lat' dir='ltr'>esse</span> <span class='ocrx_word' id='word_1_103' title='bbox 518 1930 745 2025; x_wconf 90' lang='lat' dir='ltr'>compulsum.</span> <span class='ocrx_word' id='word_1_104' title='bbox 800 1929 900 2009; x_wconf 89' lang='lat' dir='ltr'>ltem,</span> <span class='ocrx_word' id='word_1_105' title='bbox 923 1950 1002 1999; x_wconf 88' lang='lat' dir='ltr'>eum</span> <span class='ocrx_word' id='word_1_106' title='bbox 1020 1928 1209 2021; x_wconf 86' lang='lat' dir='ltr'>baptizare·</span> 
     </span>
     <span class='ocr_line' id='line_1_17' title="bbox 168 2030 1209 2127; baseline -0.003 -26"><span class='ocrx_word' id='word_1_107' title='bbox 168 2040 258 2112; x_wconf 88' lang='lat' dir='ltr'>„tur,</span> <span class='ocrx_word' id='word_1_108' title='bbox 287 2032 403 2123; x_wconf 82' lang='lat' dir='ltr'>ignem</span> <span class='ocrx_word' id='word_1_109' title='bbox 421 2052 666 2127; x_wconf 86' lang='lat' dir='ltr'>superaquam</span> <span class='ocrx_word' id='word_1_110' title='bbox 687 2052 768 2103; x_wconf 91' lang='lat' dir='ltr'>esse</span> <span class='ocrx_word' id='word_1_111' title='bbox 788 2031 913 2110; x_wconf 88' lang='lat' dir='ltr'>visum,</span> <span class='ocrx_word' id='word_1_112' title='bbox 941 2030 1037 2122; x_wconf 95' lang='lat' dir='ltr'>quod</span> <span class='ocrx_word' id='word_1_113' title='bbox 1052 2030 1087 2099; x_wconf 92' lang='lat' dir='ltr'>in</span> <span class='ocrx_word' id='word_1_114' title='bbox 1105 2050 1209 2100; x_wconf 89' lang='lat' dir='ltr'>evan-</span> 
     </span>
     <span class='ocr_line' id='line_1_18' title="bbox 167 2132 1209 2230; baseline -0.004 -27"><span class='ocrx_word' id='word_1_115' title='bbox 167 2134 282 2223; x_wconf 82' lang='lat' dir='ltr'>„gelio</span> <span class='ocrx_word' id='word_1_116' title='bbox 317 2135 411 2205; x_wconf 94' lang='lat' dir='ltr'>nullo</span> <span class='ocrx_word' id='word_1_117' title='bbox 446 2143 501 2205; x_wconf 87' lang='lat' dir='ltr'>est</span> <span class='ocrx_word' id='word_1_118' title='bbox 535 2134 708 2230; x_wconf 90' lang='lat' dir='ltr'>scriptum.</span> <span class='ocrx_word' id='word_1_119' title='bbox 767 2132 811 2202; x_wconf 82' lang='lat' dir='ltr'>Et</span> <span class='ocrx_word' id='word_1_120' title='bbox 836 2140 914 2227; x_wconf 92' lang='lat' dir='ltr'>post</span> <span class='ocrx_word' id='word_1_121' title='bbox 940 2140 1032 2200; x_wconf 86' lang='lat' dir='ltr'>tanta</span> <span class='ocrx_word' id='word_1_122' title='bbox 1055 2140 1209 2224; x_wconf 85' lang='lat' dir='ltr'>tempora</span> 
     </span>
     <span class='ocr_line' id='line_1_19' title="bbox 167 2232 1209 2330; baseline -0.004 -26"><span class='ocrx_word' id='word_1_123' title='bbox 167 2234 328 2317; x_wconf 90' lang='lat' dir='ltr'>„Petrum</span> <span class='ocrx_word' id='word_1_124' title='bbox 361 2246 395 2309; x_wconf 88' lang='lat' dir='ltr'>et</span> <span class='ocrx_word' id='word_1_125' title='bbox 421 2234 581 2317; x_wconf 89' lang='lat' dir='ltr'>Paulum,</span> <span class='ocrx_word' id='word_1_126' title='bbox 616 2244 695 2330; x_wconf 87' lang='lat' dir='ltr'>post</span> <span class='ocrx_word' id='word_1_127' title='bbox 720 2235 950 2306; x_wconf 84' lang='lat' dir='ltr'>conlationem</span> <span class='ocrx_word' id='word_1_128' title='bbox 979 2232 1151 2323; x_wconf 82' lang='lat' dir='ltr'>evangelii</span> <span class='ocrx_word' id='word_1_129' title='bbox 1174 2233 1209 2300; x_wconf 93' lang='lat' dir='ltr'>in</span> 
     </span>
     <span class='ocr_line' id='line_1_20' title="bbox 167 2336 1209 2425; baseline -0.004 -19"><span class='ocrx_word' id='word_1_130' title='bbox 167 2336 403 2417; x_wconf 87' lang='lat' dir='ltr'>„Hierusalem</span> <span class='ocrx_word' id='word_1_131' title='bbox 422 2347 457 2409; x_wconf 90' lang='lat' dir='ltr'>et</span> <span class='ocrx_word' id='word_1_132' title='bbox 476 2346 628 2407; x_wconf 89' lang='lat' dir='ltr'>mutuam</span> <span class='ocrx_word' id='word_1_133' title='bbox 644 2336 904 2420; x_wconf 83' lang='lat' dir='ltr'>altercationem</span> <span class='ocrx_word' id='word_1_134' title='bbox 923 2341 958 2405; x_wconf 91' lang='lat' dir='ltr'>et</span> <span class='ocrx_word' id='word_1_135' title='bbox 975 2356 1092 2405; x_wconf 86' lang='lat' dir='ltr'>rerum</span> <span class='ocrx_word' id='word_1_136' title='bbox 1104 2354 1209 2425; x_wconf 82' lang='lat' dir='ltr'>agen·</span> 
     </span>
    </p>
   </div>
   <div class='ocr_carea' id='block_1_5' title="bbox 164 2437 1239 2832">
    <p class='ocr_par' dir='ltr' id='par_1_6' title="bbox 164 2437 1239 2832">
     <span class='ocr_line' id='line_1_21' title="bbox 164 2437 1239 2534; baseline -0.005 -24"><span class='ocrx_word' id='word_1_137' title='bbox 164 2441 313 2520; x_wconf 87' lang='lat' dir='ltr'>„darum</span> <span class='ocrx_word' id='word_1_138' title='bbox 333 2438 605 2534; x_wconf 88' lang='lat' dir='ltr'>dispositionem,</span> <span class='ocrx_word' id='word_1_139' title='bbox 634 2447 809 2534; x_wconf 82' lang='lat' dir='ltr'>postremo</span> <span class='ocrx_word' id='word_1_140' title='bbox 830 2438 865 2506; x_wconf 92' lang='lat' dir='ltr'>in</span> <span class='ocrx_word' id='word_1_141' title='bbox 883 2437 982 2516; x_wconf 90' lang='lat' dir='ltr'>urbe,</span> <span class='ocrx_word' id='word_1_142' title='bbox 1009 2437 1109 2528; x_wconf 84' lang='lat' dir='ltr'>quasi</span> <span class='ocrx_word' id='word_1_143' title='bbox 1126 2445 1209 2505; x_wconf 92' lang='lat' dir='ltr'>tunc</span> <span class='ocrx_word' id='word_1_144' title='bbox 1237 2441 1239 2445; x_wconf 86' lang='grc'><strong>’</strong></span> 
     </span>
     <span class='ocr_line' id='line_1_22' title="bbox 166 2537 1208 2636; baseline -0.006 -26"><span class='ocrx_word' id='word_1_145' title='bbox 166 2541 358 2636; x_wconf 92' lang='lat' dir='ltr'>„primum,</span> <span class='ocrx_word' id='word_1_146' title='bbox 392 2540 549 2630; x_wconf 9' lang='lat' dir='ltr'>invicem*</span> <span class='ocrx_word' id='word_1_147' title='bbox 567 2541 634 2611; x_wconf 89' lang='lat' dir='ltr'>sibi</span> <span class='ocrx_word' id='word_1_148' title='bbox 660 2561 741 2610; x_wconf 87' lang='lat' dir='ltr'>esse</span> <span class='ocrx_word' id='word_1_149' title='bbox 767 2538 944 2630; x_wconf 82' lang='lat' dir='ltr'>cognitos,</span> <span class='ocrx_word' id='word_1_150' title='bbox 977 2547 1011 2608; x_wconf 90' lang='lat' dir='ltr'>et</span> <span class='ocrx_word' id='word_1_151' title='bbox 1037 2537 1208 2630; x_wconf 85' lang='lat' dir='ltr'>quaedam</span> 
     </span>
     <span class='ocr_line' id='line_1_23' title="bbox 166 2636 1208 2734; baseline -0.004 -22"><span class='ocrx_word' id='word_1_152' title='bbox 166 2643 255 2723; x_wconf 89' lang='lat' dir='ltr'>„alia</span> <span class='ocrx_word' id='word_1_153' title='bbox 281 2640 520 2731; x_wconf 88' lang='lat' dir='ltr'>hujuscemodi</span> <span class='ocrx_word' id='word_1_154' title='bbox 536 2642 688 2715; x_wconf 87' lang='lat' dir='ltr'>absurde</span> <span class='ocrx_word' id='word_1_155' title='bbox 705 2663 746 2712; x_wconf 87' lang='lat' dir='ltr'>ac</span> <span class='ocrx_word' id='word_1_156' title='bbox 765 2640 909 2734; x_wconf 90' lang='lat' dir='ltr'>turpiter</span> <span class='ocrx_word' id='word_1_157' title='bbox 929 2636 1084 2709; x_wconf 86' lang='lat' dir='ltr'>conficta.</span> <span class='ocrx_word' id='word_1_158' title='bbox 1113 2657 1208 2730; x_wconf 85' lang='lat' dir='ltr'>quae</span> 
     </span>
     <span class='ocr_line' id='line_1_24' title="bbox 166 2739 1052 2832; baseline -0.006 -17"><span class='ocrx_word' id='word_1_159' title='bbox 166 2743 306 2825; x_wconf 88' lang='lat' dir='ltr'>„omnia</span> <span class='ocrx_word' id='word_1_160' title='bbox 334 2739 369 2812; x_wconf 93' lang='lat' dir='ltr'>in</span> <span class='ocrx_word' id='word_1_161' title='bbox 396 2744 490 2815; x_wconf 93' lang='lat' dir='ltr'>illum</span> <span class='ocrx_word' id='word_1_162' title='bbox 517 2745 643 2816; x_wconf 89' lang='lat' dir='ltr'>librum</span> <span class='ocrx_word' id='word_1_163' title='bbox 669 2742 828 2814; x_wconf 90' lang='lat' dir='ltr'>invenies</span> <span class='ocrx_word' id='word_1_164' title='bbox 851 2749 1052 2832; x_wconf 84' lang='lat' dir='ltr'>congesta.“</span> 
     </span>
    </p>
   </div>
   <div class='ocr_carea' id='block_1_6' title="bbox 164 2933 1210 3089">
    <p class='ocr_par' dir='ltr' id='par_1_7' title="bbox 164 2933 1210 3089">
     <span class='ocr_line' id='line_1_25' title="bbox 234 2933 1209 3020; baseline 0.003 -15"><span class='ocrx_word' id='word_1_165' title='bbox 234 2951 254 3015; x_wconf 76' lang='grc'>1)</span> <span class='ocrx_word' id='word_1_166' title='bbox 290 2951 360 3014; x_wconf 85' lang='lat' dir='ltr'>Quid</span> <span class='ocrx_word' id='word_1_167' title='bbox 377 2933 541 3004; x_wconf 81' lang='lat' dir='ltr'>Crednarum</span> <span class='ocrx_word' id='word_1_168' title='bbox 558 2951 733 3017; x_wconf 88' lang='lat' dir='ltr'>permoverit,</span> <span class='ocrx_word' id='word_1_169' title='bbox 756 2954 788 3006; x_wconf 84' lang='lat' dir='ltr'>ut</span> <span class='ocrx_word' id='word_1_170' title='bbox 803 2952 920 3004; x_wconf 86' lang='lat' dir='ltr'>libellum</span> <span class='ocrx_word' id='word_1_171' title='bbox 939 2953 1134 3018; x_wconf 70' lang='lat' dir='ltr'>nonfacere,</span> <span class='ocrx_word' id='word_1_172' title='bbox 1158 2969 1209 3020; x_wconf 79' lang='lat' dir='ltr'>ego</span> 
     </span>
     <span class='ocr_line' id='line_1_26' title="bbox 164 3021 1210 3089; baseline 0.001 -15"><span class='ocrx_word' id='word_1_173' title='bbox 164 3037 217 3074; x_wconf 92' lang='lat' dir='ltr'>non</span> <span class='ocrx_word' id='word_1_174' title='bbox 235 3023 359 3088; x_wconf 80' lang='lat' dir='ltr'>intelllgo.</span> <span class='ocrx_word' id='word_1_175' title='bbox 394 3023 430 3074; x_wconf 84' lang='lat' dir='ltr'>Cl.</span> <span class='ocrx_word' id='word_1_176' title='bbox 449 3023 513 3074; x_wconf 81' lang='lat' dir='ltr'>Einl.</span> <span class='ocrx_word' id='word_1_177' title='bbox 530 3021 572 3072; x_wconf 91' lang='lat' dir='ltr'>ins</span> <span class='ocrx_word' id='word_1_178' title='bbox 590 3021 621 3072; x_wconf 86' lang='lat' dir='ltr'>N.</span> <span class='ocrx_word' id='word_1_179' title='bbox 639 3021 667 3072; x_wconf 87' lang='lat' dir='ltr'>T.</span> <span class='ocrx_word' id='word_1_180' title='bbox 686 3021 732 3072; x_wconf 85' lang='lat' dir='ltr'>Th.</span> <span class='ocrx_word' id='word_1_181' title='bbox 752 3022 768 3072; x_wconf 92' lang='lat'>1.</span> <span class='ocrx_word' id='word_1_182' title='bbox 786 3021 866 3074; x_wconf 79' lang='lat' dir='ltr'>Ablh.</span> <span class='ocrx_word' id='word_1_183' title='bbox 883 3023 909 3075; x_wconf 90' lang='lat'>1.</span> <span class='ocrx_word' id='word_1_184' title='bbox 928 3037 956 3089; x_wconf 87' lang='lat' dir='ltr'>p.</span> <span class='ocrx_word' id='word_1_185' title='bbox 973 3022 1041 3074; x_wconf 74' lang='lat'><strong>321:</strong></span> <span class='ocrx_word' id='word_1_186' title='bbox 1067 3025 1136 3087; x_wconf 82' lang='lat' dir='ltr'>„Das</span> <span class='ocrx_word' id='word_1_187' title='bbox 1157 3025 1210 3075; x_wconf 89' lang='lat' dir='ltr'>Un-</span> 
     </span>
    </p>
   </div>
   <div class='ocr_carea' id='block_1_7' title="bbox 163 3089 1313 3159">
    <p class='ocr_par' dir='ltr' id='par_1_8' title="bbox 163 3089 1313 3159">
     <span class='ocr_line' id='line_1_27' title="bbox 163 3089 1313 3159; baseline 0.002 -15"><span class='ocrx_word' id='word_1_188' title='bbox 163 3092 316 3158; x_wconf 81' lang='lat' dir='ltr'>bestjmmte</span> <span class='ocrx_word' id='word_1_189' title='bbox 337 3093 365 3144; x_wconf 87' lang='lat' dir='ltr'>iu</span> <span class='ocrx_word' id='word_1_190' title='bbox 388 3091 440 3144; x_wconf 87' lang='lat' dir='ltr'>den</span> <span class='ocrx_word' id='word_1_191' title='bbox 465 3090 590 3156; x_wconf 80' lang='lat' dir='ltr'>Angeben</span> <span class='ocrx_word' id='word_1_192' title='bbox 613 3089 661 3142; x_wconf 89' lang='lat' dir='ltr'>des</span> <span class='ocrx_word' id='word_1_193' title='bbox 685 3089 817 3143; x_wconf 78' lang='lat' dir='ltr'>Eusebius</span> <span class='ocrx_word' id='word_1_194' title='bbox 838 3091 916 3152; x_wconf 76' lang='lat' dir='ltr'>(tiber</span> <span class='ocrx_word' id='word_1_195' title='bbox 933 3092 978 3144; x_wconf 87' lang='lat' dir='ltr'>die</span> <span class='ocrx_word' id='word_1_196' title='bbox 994 3093 1134 3159; x_wconf 78' lang='lat' dir='ltr'>Besreiung</span> <span class='ocrx_word' id='word_1_197' title='bbox 1152 3094 1208 3146; x_wconf 87' lang='lat' dir='ltr'>und</span> <span class='ocrx_word' id='word_1_198' title='bbox 1309 3139 1313 3146; x_wconf 80' lang='grc'>,</span> 
     </span>
    </p>
   </div>
   <div class='ocr_carea' id='block_1_8' title="bbox 163 3159 1264 3714">
    <p class='ocr_par' dir='ltr' id='par_1_9' title="bbox 163 3159 1264 3714">
     <span class='ocr_line' id='line_1_28' title="bbox 164 3159 1207 3227; baseline 0.003 -15"><span class='ocrx_word' id='word_1_199' title='bbox 164 3163 258 3214; x_wconf 86' lang='lat' dir='ltr'>zweite</span> <span class='ocrx_word' id='word_1_200' title='bbox 274 3161 416 3214; x_wconf 86' lang='lat' dir='ltr'>Ro&#39;miscbe</span> <span class='ocrx_word' id='word_1_201' title='bbox 434 3160 651 3226; x_wconf 81' lang='lat' dir='ltr'>Gelangenscheb</span> <span class='ocrx_word' id='word_1_202' title='bbox 669 3159 766 3222; x_wconf 82' lang='lat' dir='ltr'>Pauli),</span> <span class='ocrx_word' id='word_1_203' title='bbox 788 3161 921 3223; x_wconf 83' lang='lat' dir='ltr'>„welcher</span> <span class='ocrx_word' id='word_1_204' title='bbox 944 3161 998 3214; x_wconf 86' lang='lat' dir='ltr'>dic</span> <span class='ocrx_word' id='word_1_205' title='bbox 1021 3162 1207 3227; x_wconf 85' lang='lat' dir='ltr'>wicbtigen</span> 
     </span>
     <span class='ocr_line' id='line_1_29' title="bbox 163 3228 1207 3297; baseline 0.002 -15"><span class='ocrx_word' id='word_1_206' title='bbox 163 3231 341 3297; x_wconf 76' lang='lat' dir='ltr'>Zeugnisse</span> <span class='ocrx_word' id='word_1_207' title='bbox 364 3229 411 3283; x_wconf 88' lang='lat' dir='ltr'>des</span> <span class='ocrx_word' id='word_1_208' title='bbox 436 3231 556 3282; x_wconf 85' lang='lat' dir='ltr'>Clemens</span> <span class='ocrx_word' id='word_1_209' title='bbox 578 3232 654 3281; x_wconf 87' lang='lat' dir='ltr'>Rom.</span> <span class='ocrx_word' id='word_1_210' title='bbox 679 3228 736 3280; x_wconf 91' lang='lat' dir='ltr'>und</span> <span class='ocrx_word' id='word_1_211' title='bbox 761 3229 808 3283; x_wconf 84' lang='lat' dir='ltr'>der</span> <span class='ocrx_word' id='word_1_212' title='bbox 829 3231 949 3296; x_wconf 86' lang='lat' dir='ltr'>praedio.</span> <span class='ocrx_word' id='word_1_213' title='bbox 972 3231 1043 3284; x_wconf 85' lang='lat' dir='ltr'>Petri</span> <span class='ocrx_word' id='word_1_214' title='bbox 1059 3231 1207 3284; x_wconf 77' lang='lat' dir='ltr'>ubereuben</span> 
     </span>
     <span class='ocr_line' id='line_1_30' title="bbox 163 3298 1208 3366; baseline 0.004 -14"><span class='ocrx_word' id='word_1_215' title='bbox 163 3302 248 3364; x_wconf 84' lang='lat' dir='ltr'>hatte,</span> <span class='ocrx_word' id='word_1_216' title='bbox 270 3301 412 3353; x_wconf 85' lang='lat' dir='ltr'>benutzten</span> <span class='ocrx_word' id='word_1_217' title='bbox 431 3301 531 3364; x_wconf 84' lang='lat' dir='ltr'>jedoch</span> <span class='ocrx_word' id='word_1_218' title='bbox 555 3299 691 3364; x_wconf 81' lang='lat' dir='ltr'>fronzeitrg</span> <span class='ocrx_word' id='word_1_219' title='bbox 715 3298 758 3350; x_wconf 90' lang='lat' dir='ltr'>die</span> <span class='ocrx_word' id='word_1_220' title='bbox 780 3301 890 3366; x_wconf 76' lang='lat' dir='ltr'>Papste,</span> <span class='ocrx_word' id='word_1_221' title='bbox 915 3315 962 3352; x_wconf 89' lang='lat' dir='ltr'>um</span> <span class='ocrx_word' id='word_1_222' title='bbox 979 3301 1039 3355; x_wconf 82' lang='lat' dir='ltr'>ihre</span> <span class='ocrx_word' id='word_1_223' title='bbox 1054 3301 1208 3356; x_wconf 83' lang='lat' dir='ltr'>Hierarchie</span> 
     </span>
     <span class='ocr_line' id='line_1_31' title="bbox 163 3366 1207 3432; baseline 0.002 -11"><span class='ocrx_word' id='word_1_224' title='bbox 163 3369 230 3422; x_wconf 80' lang='lat' dir='ltr'>iiber</span> <span class='ocrx_word' id='word_1_225' title='bbox 250 3370 301 3422; x_wconf 89' lang='lat' dir='ltr'>den</span> <span class='ocrx_word' id='word_1_226' title='bbox 320 3370 447 3422; x_wconf 74' lang='lat' dir='ltr'>Occiderat</span> <span class='ocrx_word' id='word_1_227' title='bbox 466 3371 547 3422; x_wconf 85' lang='lat' dir='ltr'>lester</span> <span class='ocrx_word' id='word_1_228' title='bbox 570 3383 603 3420; x_wconf 89' lang='lat' dir='ltr'>zu</span> <span class='ocrx_word' id='word_1_229' title='bbox 627 3366 790 3432; x_wconf 84' lang='lat' dir='ltr'>begr&#39;dnden.</span> <span class='ocrx_word' id='word_1_230' title='bbox 832 3368 916 3420; x_wconf 81' lang='lat' dir='ltr'>[leber</span> <span class='ocrx_word' id='word_1_231' title='bbox 933 3374 999 3422; x_wconf 83' lang='lat' dir='ltr'>Rom</span> <span class='ocrx_word' id='word_1_232' title='bbox 1017 3369 1112 3422; x_wconf 87' lang='lat' dir='ltr'>binaus</span> <span class='ocrx_word' id='word_1_233' title='bbox 1131 3373 1207 3423; x_wconf 90' lang='lat' dir='ltr'>sollte</span> 
     </span>
     <span class='ocr_line' id='line_1_32' title="bbox 164 3436 1264 3504; baseline 0.002 -13"><span class='ocrx_word' id='word_1_234' title='bbox 164 3453 194 3492; x_wconf 86' lang='lat' dir='ltr'>es</span> <span class='ocrx_word' id='word_1_235' title='bbox 217 3453 297 3504; x_wconf 81' lang='lat' dir='ltr'>gegen</span> <span class='ocrx_word' id='word_1_236' title='bbox 321 3439 430 3492; x_wconf 88' lang='lat' dir='ltr'>Wcsten</span> <span class='ocrx_word' id='word_1_237' title='bbox 453 3441 529 3492; x_wconf 79' lang='lat' dir='ltr'>kalne</span> <span class='ocrx_word' id='word_1_238' title='bbox 553 3438 750 3504; x_wconf 83' lang='lat' dir='ltr'>apostolisenen</span> <span class='ocrx_word' id='word_1_239' title='bbox 776 3439 935 3492; x_wconf 87' lang='lat' dir='ltr'>Gemcindeu</span> <span class='ocrx_word' id='word_1_240' title='bbox 952 3439 1028 3490; x_wconf 85' lang='lat' dir='ltr'>mebr</span> <span class='ocrx_word' id='word_1_241' title='bbox 1045 3436 1154 3504; x_wconf 67' lang='lat' dir='ltr'>gessur</span> <span class='ocrx_word' id='word_1_242' title='bbox 1175 3469 1203 3480; x_wconf 93' lang='lat'>-</span> <span class='ocrx_word' id='word_1_243' title='bbox 1262 3466 1264 3469; x_wconf 95' lang='lat'>·</span> 
     </span>
     <span class='ocr_line' id='line_1_33' title="bbox 163 3507 1206 3577; baseline 0.001 -17"><span class='ocrx_word' id='word_1_244' title='bbox 163 3511 272 3561; x_wconf 84' lang='lat' dir='ltr'>Discere</span> <span class='ocrx_word' id='word_1_245' title='bbox 290 3511 383 3561; x_wconf 87' lang='lat' dir='ltr'>vellem</span> <span class='ocrx_word' id='word_1_246' title='bbox 404 3523 420 3561; x_wconf 86' lang='lat' dir='ltr'>a</span> <span class='ocrx_word' id='word_1_247' title='bbox 438 3509 496 3561; x_wconf 91' lang='lat' dir='ltr'>viro</span> <span class='ocrx_word' id='word_1_248' title='bbox 516 3509 608 3570; x_wconf 90' lang='lat' dir='ltr'>docto,</span> <span class='ocrx_word' id='word_1_249' title='bbox 634 3507 699 3574; x_wconf 90' lang='lat' dir='ltr'>quid</span> <span class='ocrx_word' id='word_1_250' title='bbox 720 3507 853 3561; x_wconf 87' lang='lat' dir='ltr'>Eusebius</span> <span class='ocrx_word' id='word_1_251' title='bbox 876 3524 892 3561; x_wconf 91' lang='lat' dir='ltr'>c</span> <span class='ocrx_word' id='word_1_252' title='bbox 912 3509 1115 3577; x_wconf 81' lang='lat' dir='ltr'>praedicatione</span> <span class='ocrx_word' id='word_1_253' title='bbox 1139 3511 1206 3564; x_wconf 85' lang='lat' dir='ltr'>Petri</span> 
     </span>
     <span class='ocr_line' id='line_1_34' title="bbox 163 3577 1206 3646; baseline 0 -16"><span class='ocrx_word' id='word_1_254' title='bbox 163 3581 189 3630; x_wconf 90' lang='lat' dir='ltr'>in</span> <span class='ocrx_word' id='word_1_255' title='bbox 208 3592 289 3630; x_wconf 89' lang='lat' dir='ltr'>suum</span> <span class='ocrx_word' id='word_1_256' title='bbox 307 3593 388 3631; x_wconf 87' lang='lat' dir='ltr'>usum</span> <span class='ocrx_word' id='word_1_257' title='bbox 406 3583 509 3630; x_wconf 86' lang='lat' dir='ltr'>vertere</span> <span class='ocrx_word' id='word_1_258' title='bbox 525 3578 676 3646; x_wconf 74' lang='lat' dir='ltr'>potuisset?</span> <span class='ocrx_word' id='word_1_259' title='bbox 711 3577 755 3630; x_wconf 82' lang='lat' dir='ltr'>Me</span> <span class='ocrx_word' id='word_1_260' title='bbox 769 3577 861 3642; x_wconf 79' lang='lat' dir='ltr'>judice</span> <span class='ocrx_word' id='word_1_261' title='bbox 878 3579 977 3630; x_wconf 85' lang='lat' dir='ltr'>Paulus</span> <span class='ocrx_word' id='word_1_262' title='bbox 989 3582 1093 3630; x_wconf 85' lang='lat' dir='ltr'>tantum</span> <span class='ocrx_word' id='word_1_263' title='bbox 1107 3580 1206 3632; x_wconf 78' lang='lat' dir='ltr'>Romae</span> 
     </span>
     <span class='ocr_line' id='line_1_35' title="bbox 164 3647 1205 3714; baseline -0.002 -14"><span class='ocrx_word' id='word_1_264' title='bbox 164 3647 283 3702; x_wconf 74' lang='lat' dir='ltr'>adfuisse¹</span> <span class='ocrx_word' id='word_1_265' title='bbox 299 3648 335 3700; x_wconf 89' lang='lat' dir='ltr'>ibi</span> <span class='ocrx_word' id='word_1_266' title='bbox 353 3647 479 3712; x_wconf 87' lang='lat' dir='ltr'>traditur,</span> <span class='ocrx_word' id='word_1_267' title='bbox 498 3648 525 3700; x_wconf 88' lang='lat' dir='ltr'>id</span> <span class='ocrx_word' id='word_1_268' title='bbox 543 3647 617 3714; x_wconf 88' lang='lat' dir='ltr'>quod</span> <span class='ocrx_word' id='word_1_269' title='bbox 634 3659 750 3714; x_wconf 85' lang='lat' dir='ltr'>prorsus</span> <span class='ocrx_word' id='word_1_270' title='bbox 766 3661 820 3698; x_wconf 91' lang='lat' dir='ltr'>non</span> <span class='ocrx_word' id='word_1_271' title='bbox 837 3648 865 3699; x_wconf 87' lang='lat' dir='ltr'>ln</span> <span class='ocrx_word' id='word_1_272' title='bbox 884 3647 997 3701; x_wconf 88' lang='lat' dir='ltr'>dubium</span> <span class='ocrx_word' id='word_1_273' title='bbox 1013 3652 1135 3701; x_wconf 81' lang='lat' dir='ltr'>uocatur.</span> <span class='ocrx_word' id='word_1_274' title='bbox 1202 3659 1205 3668; x_wconf 93' lang='lat'>·</span> 
     </span>
    </p>
   </div>
   <div class='ocr_carea' id='block_1_9' title="bbox 0 0 1464 4875">
    <p class='ocr_par' dir='ltr' id='par_1_10' title="bbox 0 0 1464 4875">
     <span class='ocr_line' id='line_1_36' title="bbox 0 0 1464 4875; baseline 0 1"><span class='ocrx_word' id='word_1_275' title='bbox 0 0 1464 4875; x_wconf 95' lang='lat' dir='ltr'> </span> 
     </span>
    </p>
   </div>
  </div>
 </body>
</html>
