2917 4875
891 295 906 307 ,.

654 279 869 343 „35-

240 456 307 525 τῶν
330 462 403 550 περὶ
426 458 557 546 Πέτρον
581 460 636 523 καλ
662 458 817 534 Παῦλον,
844 446 1042 535 ἐπικότους
1054 447 1177 534 ἀλλους
1192 458 1282 525 καθ-

241 560 420 637 ίστασθαι,
449 552 505 625 διὰ
533 551 572 623 τὸ
604 554 684 637 τοὺς
714 554 924 636 ἀποστόλους
954 551 1113 635 πολλάκις
1143 558 1196 627 ε’πλ
1219 552 1282 636 τὰς

240 654 346 741 ἀλλος
376 660 541 749 πατρίδας
572 652 634 740 τὴν
658 664 799 749 πορείαν
823 661 1038 736 στέλλεσθαι,
1069 653 1126 725 διὰ
1158 653 1199 725 τό
1222 652 1282 740 κη·

240 783 352 851 ρυγμα
382 762 444 827 τοῦ
476 762 643 847 Χριστοῦ,
675 754 724 846 μὴ
756 752 930 829 δύνασθαι
962 759 998 825 δὲ
1021 754 1084 842 τὴν
1107 761 1173 837 τῷν
1198 752 1283 828 Ῥωτ

158 882 163 887 ·
239 864 356 949 μαίων·
371 858 469 929 πόλιν
494 855 572 927 ἀνευ
591 855 774 929 ἐπισκόπου
798 851 898 931 εἶναι.
924 854 1021 945 ὁμὲν
1034 855 1101 949 γάρ
1116 862 1283 939 Παῦλος

240 968 296 1032 καὶ
313 966 365 1031 ἐπὶ
380 958 441 1047 τὴν
453 956 665 1030 Ἱσπανίαν
686 957 888 1057 ἀφικνεῖται,
914 964 1050 1051 Πέτρος
1063 962 1098 1028 δὲ
1122 955 1284 1039 πολλάκις

240 1059 376 1133 Πόντον
398 1088 432 1130 τε
448 1068 504 1131 καὶ
523 1064 694 1131 Βιθυνίαν
718 1066 941 1153 ἐπεσκέψατο.
966 1058 1110 1152 ἐνεχώρει
1134 1064 1169 1129 δέ
1196 1057 1282 1148 μετά

240 1162 280 1232 τὸ
307 1167 579 1247 καθυσταθῆναι
601 1159 796 1248 Κλήμευτα,
823 1168 881 1229 καὶ
905 1162 1187 1254 παραιτήσασθαι
1199 1160 1283 1249 (εἴγε

241 1260 348 1346 οὕτως
361 1259 531 1357 ἐπράχθη,
559 1266 759 1352 διανοοῦμαι
776 1261 862 1354 γάρ,
889 1258 956 1352 οὐχ’
979 1260 1162 1352 ὁρίζομαι),
1186 1259 1281 1333 ἀστε-

241 1386 302 1457 ρον
326 1364 410 1454 μετά
435 1363 475 1435 τὸ
502 1368 759 1447 τετελευτηκέναι
783 1370 891 1433 Λῖνου
912 1370 968 1432 καὶ
994 1368 1129 1447 Κλῆτον
1152 1369 1281 1433 ε’πισκο-

240 1462 427 1546 πεόσαντας
457 1465 541 1555 πρὸς
572 1462 764 1536 ἀεκαὸόο”
745 1490 803 1548 ετη
834 1468 974 1537 ἕκαστον
1006 1463 1090 1552 μετά
1121 1463 1184 1549 τὴν
1219 1467 1282 1533 τοῦ

241 1563 340 1655 ἀγίου
367 1573 499 1659 Πέτρου
523 1573 578 1637 καὶ
605 1563 749 1636 Παύλου
775 1564 945 1649 τελευτὴν,
976 1564 1036 1648 τὴν
1067 1570 1119 1635 ἐπὶ
1147 1571 1193 1633 τῶ
1219 1568 1282 1631 δω-
1360 1602 1365 1609 -

241 1664 365 1761 δεκάτῳ
399 1674 462 1737 έτει
475 1673 648 1795 Νέρωνος
680 1673 872 1785 χενομέυην,
901 1671 1021 1735 τοῦτον
1049 1658 1199 1747 αάθις’
1180 1692 1282 1750 αναγ·

240 1772 414 1854 κτισθῆναι
446 1767 505 1853 τὴν
537 1766 717 1853 επισκοπὴυ
745 1774 941 1855 κατασχεῖν.
983 1763 1073 1885 ὅμως
1100 1764 1122 1850 ἡ
1154 1772 1220 1835 τῶν
1248 1770 1284 1835 ἐν

238 1866 390 1967 Ρώμη’
374 1870 557 1940 επισκόπων
581 1867 717 1958 διαδοχὴ
741 1864 867 1950 ταύτην
888 1870 951 1957 ἔχει
976 1895 1037 1952 την
1060 1865 1281 1937 ἀκολουθίαν

239 1977 372 2061 Πέτρος
396 1978 453 2041 καὶ
477 1973 630 2051 Παῦλος,
658 1976 763 2051 Λννος
776 1998 832 2038 και
821 1972 981 2052 Κλητος
989 2017 998 2048 ,
1026 1967 1175 2055 Κλήμης,
1191 1965 1281 2061 Εὐα-

240 2079 375 2162 ρὲστος,
397 2068 685 2165 Ἀλέξανδρος,
652 2068 798 2151 κόστος,
830 2075 1054 2162 Τελέσφορος,
1080 2054 1280 2160 Εὐαρέστος,

236 2171 378 2261 Υγῖνος,
405 2179 508 2255 Πιος,
531 2169 717 2256 Ἀνίκητος,
744 2168 764 2241 ὁ
792 2166 860 2241 ἀνω
885 2174 921 2240 ἐν
939 2197 985 2265 τῳ
972 2168 1152 2260 καταλόγ
1144 2199 1179 2265 ῳ
1197 2196 1280 2262 προ·

131 2280 137 2285 ’
240 2278 516 2364 δεὸηλωμένοςκ
541 2301 572 2342 τ.
594 2278 624 2343 λ.

403 2613 641 2682 lomus
664 2607 1121 2688 cnanosTbMUS.

281 2721 369 2790 Adv.
394 2734 639 2812 oppugnatores
660 2725 747 2792 vitae
774 2727 972 2793 monasticae
994 2727 1076 2794 Lib.
1099 2727 1128 2794 Ι.
1153 2750 1181 2794 ο.
1204 2724 1237 2792 3.

480 2837 559 2902 (opp.
577 2837 618 2888 ed.
639 2839 786 2890 Montfauc.
803 2839 906 2890 Tomi,
923 2854 951 2905 p.
960 2837 995 2890 48
1009 2839 1040 2902 ἃ).

298 2954 366 3024 Τὸν
390 2961 532 3048 Νέρωνα
557 2951 691 3038 πάντως
722 2953 872 3028 ἀκούετε·
906 2965 962 3028 καὶ
986 2957 1051 3052 γάρ
1076 2961 1234 3047 ἐπίσημος
1259 2956 1280 3030 ό

240 3054 325 3156 ἀνηρ
351 3053 419 3126 ἀπὸ
442 3061 501 3142 τῆς
524 3055 736 3146 ἀσελγείας’
720 3064 861 3144 εγενετο,
887 3065 1017 3178 πρῶτος
1038 3067 1093 3129 καὶ
1112 3057 1216 3149 μόνος
1229 3057 1281 3129 εὑ·

239 3157 306 3249 ρων
332 3161 366 3226 ἐν
390 3155 476 3279 ἀρχχ]
491 3157 627 3254 τοιαύτη
648 3154 785 3240 καινούς
801 3187 894 3241 τινας
910 3157 1095 3239 ἀκολασίας
1109 3168 1163 3228 καὶ
1181 3157 1280 3249 ἀσχη·

234 3255 387 3348 μοσύνης
412 3259 575 3351 τρόπους.
600 3247 700 3340 οὗτος
725 3255 744 3328 ὁ
774 3267 892 3380 Νέρων
913 3258 972 3328 τὶν
995 3256 1163 3354 μακάρων
1182 3264 1280 3328 Παῦ·
1318 3321 1324 3337 ,

238 3367 317 3428 λον·
344 3367 399 3431 καὶ
424 3359 488 3452 γάρ
512 3367 600 3450 ἔτυχε
623 3359 708 3430 κατά
736 3360 814 3442 τούς
841 3357 963 3442 αάτοάς
981 3364 1089 3454 ἐκείνῳ
1105 3356 1280 3482 γενόμενος

182 3513 189 3524 ,
235 3456 392 3553 χρόνους·
429 3468 570 3530 τοιαῦτα
602 3466 761 3550 ἐγκαλῶν,
803 3457 920 3552 οἷάπερ
949 3458 1041 3549 ὑμεῖς
1069 3470 1143 3543 τοῖς
1171 3458 1280 3549 ἀγίοις

239 3558 373 3642 τούτοις
397 3558 554 3652 ἀνδράσι·
573 3563 770 3632 Ιπαλλακίδα
790 3561 855 3656 γάρ
881 3558 997 3632 αὐτοῦ·
1012 3558 1150 3655 σφόδρα
1163 3567 1280 3654 έπίρα·

238 3687 319 3733 στον
337 3666 452 3744 πείσας
469 3660 529 3732 τὸν
544 3670 617 3756 περὶ
632 3668 690 3747 τῆς
706 3670 849 3744 πίστεως
865 3663 1032 3744 δέξασθαι
1052 3659 1171 3750 λόγον,
1196 3665 1279 3732 ἔπει-

237 3768 302 3831 θεν
331 3761 417 3852 ὁμοῦ
447 3770 502 3833 καὶ
533 3768 593 3849 τῆς
618 3759 819 3856 ἀκαθάρτου
844 3771 1021 3844 συνουσίας
1046 3759 1280 3850 ἀπαλλαγῆναι

237 3865 372 3946 ἐ’κείνης.
408 3871 547 3934 τοιαῦτα
581 3870 663 3952 γοῦν
694 3867 841 3951 ἐγκαλῶν
872 3869 1010 3944 ἐκεῖνος,
1036 3873 1096 3934 καὶ
1119 3870 1278 3952 λυμεῶνα,

204 3949 214 3991 ¹
236 3971 292 4034 καὶ
315 3963 459 4044 πλαυὸν,
486 3973 541 4036 καὶ
566 3964 609 4034 τά
633 3963 736 4044 αὐτὰ,
758 3961 842 4053 ἀπερ
866 3962 958 4052 ὑμεῖς
984 3971 1194 4058 φθέγγεσθε,
1219 3963 1279 4034 τόν

237 4069 378 4134 Παῦλον
403 4067 600 4160 ἀποκαλῶν,
631 4063 670 4135 τὸ
696 4075 757 4153 μὲν
773 4069 907 4158 πρῶτον
923 4067 1053 4149 ἔδησεν,
1086 4065 1131 4148 ὡς
1156 4071 1191 4136 δὲ
1216 4061 1278 4135 οάκ

236 4169 350 4238 ἔπειθε
376 4169 435 4252 τῆς
460 4166 544 4257 πρὸς
569 4167 631 4253 τὴν
646 4161 749 4258 κόρην
770 4163 986 4257 ἀποσχέσθαι
1001 4171 1205 4259 συμβουλῆς,
1227 4172 1279 4236 τὲ·
