2917 4875
589 294 803 359 ...63-

975 400 1005 431 ,,

173 478 293 564 ρεῑται,
327 476 383 539 καὶ
407 468 493 558 μετὰ
522 474 759 592 στρατιωτικῆς
783 468 1007 556 βοηθείας’
976 496 1023 549 εις
1044 468 1107 556 τῆν
1134 476 1217 540 Κατ

172 569 309 664 σάρειαν
334 567 381 651 εἰς
405 569 465 641 τὸν
488 566 680 689 η’γούμενογ
697 572 866 657 ἐκπέμπει.
892 562 1194 657 συνελάμβανον
1157 599 1217 643 ουν

173 670 277 741 αὐτὸν
301 677 358 739 καὶ
381 669 466 762 πρὸς
492 669 552 742 τὸν
572 662 791 762 ἐθνάρχην
770 697 872 759 ηγον,
913 664 1065 755 Φῆλιξ
1045 700 1089 757 ην
1107 670 1217 762 ὄνομα

174 770 284 865 αὐτῷ.
316 770 524 859 αεσδόμενος
549 776 585 840 δὲ
610 767 769 857 σνσκευῆν
793 798 869 842 τινα
894 773 971 841 κατ’
1000 770 1106 845 αὑτοῦ
1127 800 1217 860 γινο·

105 870 109 879 ’
172 842 284 962 μένην
296 868 375 941 ὑπὸ.
385 869 622 963 Ἰουδαίων,
606 899 624 941 ο
650 875 791 955 Παῦλος
816 868 922 953 εὐθυς
945 877 1000 944 ἐπὶ
1025 901 1085 943 τον
1072 871 1217 963 βῆμα·
1315 949 1321 956 ,

172 1001 230 1056 τος
254 978 429 1063 ἐπιβοᾶται
454 973 515 1045 τὸν
540 978 714 1065 Καίσαρα,
741 981 798 1043 καὶ
824 975 950 1046 ἀνεῖται
970 983 1034 1063 μίν
1054 984 1134 1059 τέως
1153 978 1217 1052 κου’

171 1079 354 1167 κριτηρίου,
381 1070 479 1165 άργεί
500 1078 536 1159 δὲ
561 1070 581 1159 6
605 1069 679 1143 κατ’
707 1076 815 1145 αὐτοῦ
834 1084 906 1155 τοῖς
926 1071 1109 1158 Ἰουδαίοις
1122 1082 1216 1164 μελε·

171 1182 298 1262 τωμίνη
340 1171 518 1263 ἐπιβουλή.
561 1182 618 1245 καὶ
652 1174 772 1245 λοιπὸν
812 1176 858 1257 εἰς
891 1174 954 1261 τῆν
982 1174 1167 1264 P66616‘
1149 1174 1215 1247 υπὸ

171 1283 235 1345 τῶν
257 1272 428 1396 άρχύντων
452 1281 649 1364 ἐκπέμπεται
674 1274 759 1369 πρὸς
781 1281 965 1369 Καίσαρα,
988 1274 1117 1371 κᾴκεῖσε
1137 1275 1216 1359 τούς

172 1374 295 1459 αὐτούς
316 1374 446 1465 άγῶνας
472 1374 727 1467 ἐπιδειξάμενος,
761 1385 818 1447 καί
840 1374 923 1469 ὑπὲρ
950 1383 1017 1448 τῶν
1042 1382 1152 1451 66666
1175 1376 1216 1447 6-

170 1576 338 1662 ἀληθείας
364 1576 539 1667 δογμάτων
564 1581 690 1663 ἐξίστη,
721 1574 935 1667 βελτίονα
904 1607 987 1651 ειναι
1011 1584 1125 1675 κρίνας
1152 1580 1216 1666 τὴν

169 1676 254 1769 μετά
276 1682 429 1771 Χριστοῦ
459 1679 643 1769 διαγωγὴν,
676 1684 734 1763 τῆς
759 1683 893 1766 θνητῆς
916 1678 1040 1765 ταύτης
1064 1692 1122 1755 καὶ
1147 1688 1216 1751 ἐπι·
1277 1687 1283 1711 ”

170 1773 274 1874 κῆρου
299 1786 398 1865 ζωῆς.
424 1781 576 1873 μικρὸν
600 1780 677 1873 γάρ
702 1777 883 1874 ὕστερον
912 1787 1081 1875 Καίσαρ
1106 1781 1215 1853 ὁΝί·

170 1908 248 1974 ρων
268 1886 500 1970 βουληθεὶς
526 1878 655 1952 αὐτὸν
677 1885 750 1969 τῆς
774 1885 878 1967 ζωῆς
905 1880 1059 1967 ταύτης
1075 1886 1215 1970 ἐξαγα·

169 1991 274 2071 γεῖν,
306 1982 369 2068 τῆν
393 1982 565 2067 ἀληθινὴν
590 1984 680 2075 αὐτῶ
703 1989 760 2053 καὶ
785 1980 890 2065 ὅντως
915 1982 1041 2069 ζωῆν’
1025 1995 1214 2110 εχαρίσατο,

168 2110 226 2153 και
250 2088 404 2207 καθιστᾴ
428 2086 583 2175 οὐρανῶν
607 2053 764 2165 πολίτην,
796 2081 837 2153 66
846 2088 920 2171 τῆς
944 2089 1008 2173 γῆς
1032 2089 1213 2177 ἀπεστέρει.

170 2180 300 2255 αὐτόθι
325 2176 387 2254 066
412 2183 431 2255 6
456 2181 625 2277 μακάριος
641 2190 780 2265 Παῦλος
796 2183 859 2254 τὸν
881 2185 1017 2256 καλὸν)
998 2189 1113 2275 αγῶνα
1129 2183 1216 2274 ῆγω·

168 2292 334 2374 νισμίνος,
364 2283 408 2366 ὡς
432 2292 537 2378 φησίν
561 2282 681 2366 αὐτὸς,
709 2288 757 2378 τῷ
782 2288 849 2355 τῶν
871 2293 1039 2381 ἱερονίκου
1065 2288 1216 2381 Χριστοῦ

168 2384 347 2480 μαρτύρων
361 2384 514 2480 στεφάνῳ
532 2389 796 2474 κατεκοσμίσθη.
821 2384 984 2476 Ῥωμαῖοι
1010 2393 1045 2458 δὲ
1063 2394 1216 2482 περικαλ·

168 2493 301 2558 λέσινο
283 2493 388 2568 οἴκοις
412 2496 469 2558 καὶ
493 2489 674 2574 βασιλείοις
699 2485 821 2556 τούτου
847 2493 896 2558 λεί
883 2498 994 2581 ίψανα
1015 2491 1215 2583 καθείρξαντι·
1240 2535 1244 2541 -

168 2615 235 2670 τις,
262 2595 407 2658 ἐπέτειον
432 2585 522 2680 αύτῷ
553 2584 685 2676 μνήμης
710 2585 840 2680 ἡμέραν
864 2595 1137 2681 πανηγυρίζουσι,
1173 2594 1215 2686 τῇ

168 2689 235 2780 πρὸ
260 2693 362 2780 τριῶν
384 2658 555 2758 καλανδῶν
577 2685 743 2767 Ἰουλίων,
767 2694 899 2787 πέμπτη
916 2696 1077 2781 Πανέμου
1098 2688 1214 2780 μηνὸς,

169 2789 293 2860 τούτου
317 2788 356 2860 τὸ
381 2789 569 2884 μαρτύριον
594 2789 816 2880 ἑορτάζοντες.

210 2967 332 3032 (zacagn.
353 2978 379 3030 p.
398 2962 450 3015 529
460 2977 500 3028 sq.
521 2962 637 3014 Galland.
655 2976 682 3027 p.
699 2923 751 3012 647
766 2974 807 3025 sq.
843 2960 881 3015 Cf.
900 2959 964 3012 Milli
981 2962 1010 3012 N.
1028 2963 1054 3012 T.
1073 2977 1100 3027 p.
1109 2960 1180 3024 252.)

217 3082 416 3171 Ἀναγκαῖον
446 3087 483 3152 δὲ
515 3078 704 3172 ἡγησάμην,
739 3087 777 3154 ἐν
795 3087 914 3172 βραχεῖ
934 3089 992 3152 καί
1016 3081 1077 3154 τὸν
1092 3081 1216 3176 χρόνον

169 3179 480 3272 ἐπισημειύσασθαι
504 3188 566 3254 τοῦ
584 3183 800 3276 κηρύγματος
819 3180 968 3261 Παύλου,
995 3188 1030 3253 ἐκ
1056 3190 1121 3254 τῶν
1135 3212 1215 3278 χρο·

168 3289 267 3357 νικῶν
295 3284 443 3356 κανόνων
468 3281 634 3373 Εύσεβίου
664 3289 726 3355 τοῐι
751 3290 940 3377 Παμφίλου
965 3283 1026 3367 τὴν
1047 3281 1217 3378 άνακεφατ

168 3393 304 3459 λαίωσεν
329 3383 543 3474 ποιούμενος.
581 3389 671 3456 ἔνθα
698 3389 735 3454 δὲ
760 3383 823 3471 τὴν
842 3389 963 3472 βίβλον
992 3383 1078 3473 μετὰ
1103 3392 1216 3478 χεῖρας

169 3485 325 3582 εἰληφὼς,
360 3493 420 3558 καὶ
449 3486 576 3569 ταύτην
608 3481 815 3570 άναπτύξας,
858 3482 996 3577 εὑρίσκω
1028 3484 1068 3556 τὸ
1096 3483 1216 3569 πάθος

170 3595 229 3658 τοῦ
262 3589 414 3678 σωτῆρος
437 3583 548 3675 ἡμῶν,
585 3590 620 3656 ἐν
654 3582 925 3678 ὀκτωκαιδεκάτῳ
959 3592 1022 3657 em
1062 3589 1215 3679 Ίλβερίον

171 3692 348 3780 Καίσαρος
386 3692 616 3776 γεγενημένον,
653 3696 709 3760 καὶ
742 3686 805 3774 τῆν
834 3685 1011 3781 τριήμερον
1042 3691 1077 3757 δὲ
1109 3686 1216 3770 εὐθύς

170 3785 369 3868 ἀνάστασιν,
403 3797 460 3859 καὶ
485 3784 588 3860 πάλιν
611 3786 673 3870 τὴν
701 3789 749 3870 εἰς
773 3784 940 3881 οὐρανούς
961 3787 1129 3881 ἀνάληψιν
1154 3791 1217 3860 τοῦ

171 3894 340 3983 Χριστοῦ.
367 3896 425 3960 καὶ
449 3886 532 3980 μεθ’
561 3885 688 3981 ἡμέρας
704 3888 800 3973 τινάς
814 3888 949 3976 ὀλίγας
945 3881 1033 3960 εἶδον
1053 3895 1121 3960 ἐκεῖ
1132 3917 1216 3983 προ·

168 3995 407 4084 χαριζομένους
428 3989 509 4074 τούς
534 3986 800 4073 άποστόίωυς
768 4019 815 4072 εις
837 3991 1011 4062 διακονίαν
1031 3989 1092 4062 τὸν
1116 3993 1217 4062 αὐτο·
