2917 4875
588 306 800 369 ⁶13..

76 494 79 499 ·
174 474 228 545 vis
254 474 420 568 impensis
446 475 657 548 Crednerum
682 477 761 549 loco
787 473 1026 554 consuluisse,
1061 474 1245 569 prolecto.

174 596 244 646 noo
273 576 340 647 ibis
366 573 507 649 infitias.
569 578 705 650 Etenim
744 578 774 650 si
805 595 876 645 non
909 574 1038 656 Lucas,
1071 574 1135 646 sed
1160 597 1216 645 se·

173 685 266 747 mota
296 675 370 767 (int.
398 678 473 749 loca
496 676 698 773 scripturae)
721 677 920 773 passionem
946 676 1037 747 Patri
1063 686 1099 746 et
1122 675 1216 745 Pauh‘

174 778 421 871 prosectionem
453 779 630 852 declarare
663 781 842 858 dicuntur,
882 798 953 848 non
988 776 1115 858 habes,
1146 794 1216 867 quo

175 878 379 960 offendaris,
407 900 513 971 quum
540 882 595 953 illa
623 883 658 951 in
679 905 735 953 ev.
752 882 872 950 loann.
888 880 976 950 XXI.
1000 880 1048 951 18
1065 888 1101 949 et
1121 878 1215 969 19¹)

176 981 220 1051 sit
249 990 457 1064 memorata,
493 982 595 1074 hujus
610 1020 614 1023 ·
627 981 686 1053 liat
711 980 841 1053 mentio
877 982 912 1051 in
947 981 1047 1074 epist.
1079 980 1124 1052 ad
1150 980 1216 1049 llo-

174 1102 264 1152 man.
289 1081 359 1151 XV.
389 1081 437 1155 2²}
458 1106 509 1177 sq.
532 1082 578 1181 2).
632 1084 709 1167 Quo
735 1081 875 1176 quidem
902 1082 988 1152 loco.
1005 1102 1217 1173 quamquam

174 1184 352 1277 apostolus
388 1184 471 1255 nihil
505 1186 599 1257 aliud
633 1206 737 1278 quam
771 1184 984 1277 propositum
1019 1183 1218 1276 Hispaniam

174 1284 327 1383 adeundi
356 1279 533 1379 professus
561 1296 631 1367 est,
668 1288 769 1357 facile
793 1293 908 1354 tamen
934 1285 1058 1376 aliquis
1089 1284 1217 1375 adduci

175 1394 326 1480 poterat,
361 1397 398 1457 ut
424 1389 613 1482 perfecisse
636 1410 735 1469 eum,
766 1384 861 1479 quod
886 1384 953 1456 sihi
977 1394 1215 1481 proposuerat,

175 1486 417 1581 suspicaretur.
764 1499 767 1503 ’

250 1589 318 1659 Sed
343 1590 535 1681 quaeritur,
560 1613 643 1662 num
670 1612 733 1672 ea,
760 1610 849 1682 quae
874 1590 1051 1680 leguntur,
1079 1594 1217 1657 servata

1 1700 2 1707 ’
113 1722 141 1759 ·.
174 1690 338 1783 particula
367 1691 607 1774 adversativa,
645 1694 740 1763 nulle
766 1699 866 1783 pacto
893 1688 1111 1784 expedienda
1136 1688 1216 1759 sint.

174 1790 276 1873 Quod
291 1792 466 1881 quomedo
483 1791 573 1863 effici
589 1795 718 1887 possit,
745 1792 959 1863 Wieselerus
975 1789 1103 1862 docuit.
1137 1790 1217 1859 Par-

174 1892 277 1962 ticula
305 1893 500 1964 sedenim
526 1895 574 1963 illi
600 1894 745 1966 indicari
770 1893 928 1973 videtur,
967 1901 1145 1964 auctorem
1171 1890 1218 1961 de

175 1994 387 2087 profectione
423 1996 517 2064 Pauli
553 2016 765 2087 nonaeque
796 1993 991 2084 judicasse,
1032 2002 1136 2083 atque
1171 1992 1219 2062 de

176 2095 339 2188 passione
372 2096 473 2166 Petri.
538 2095 633 2168 Hanc
659 2098 695 2166 in
722 2117 845 2185 evang.
872 2096 984 2166 Lucae
1010 2094 1142 2187 putavit
1167 2093 1218 2162 in-

174 2195 244 2276 nui,
266 2196 413 2267 fortasse
432 2220 462 2268 c.
483 2195 585 2267 XXll.
601 2198 648 2268 33
669 2194 722 2291 ³);
751 2197 1001 2289 prosectionem
1020 2195 1114 2264 Pauli
1137 2216 1218 2264 nus-

174 2317 278 2388 quam
304 2318 324 2366 a
350 2299 441 2369 Luca
468 2309 693 2371 memoratam
720 2298 860 2392 reperit.
919 2298 1016 2381 Quae
1048 2296 1218 2366 sententia

174 2407 210 2468 ut
236 2398 278 2470 iis
304 2420 393 2490 quae
420 2401 580 2490 leguntur
606 2399 781 2494 proditur,
815 2399 861 2467 ita
888 2420 1031 2492 prorsus
1058 2405 1218 2491 corrupta

174 2510 270 2570 esta
298 2499 456 2581 librario,
491 2503 590 2593 cujus
622 2499 831 2591 negligentia
867 2499 902 2569 in
938 2497 1007 2570 fine
1038 2499 1219 2569 commatis

174 2602 321 2672 verbum
356 2602 496 2674 excidit.
565 2602 634 2674 Sed
669 2602 769 2671 facile
800 2600 879 2670 loco
912 2600 1045 2672 mederi
1076 2601 1217 2691 poteris,

133 2731 140 2746 ³
175 2703 381 2794 simulatque
409 2705 571 2785 ,‚omisit“
599 2705 657 2775 vel
681 2703 751 2772 tale
777 2702 862 2793 quid
886 2701 1114 2797 suppleveris.

249 2803 408 2875 Ceterum
441 2807 604 2897 quoniam
632 2805 734 2876 nohis
766 2811 899 2873 tantum
931 2795 1135 2874 eruendum
1151 2810 1218 2882 cst,

174 2903 338 2996 quidde
375 2908 469 2977 Pauli
508 2907 632 2977 itinere
663 2904 849 2998 Hispanico
882 2905 1120 2997 praedicetur,
1152 2900 1219 2972 hoc

172 3006 242 3095 jam
269 3029 422 3096 agamus.
482 3007 818 3097 Quomodocumque
852 3005 955 3094 igitur
985 3005 1095 3075 verba
1128 3003 1219 3073 inter

176 3130 216 3179 se
242 3107 469 3189 cohaereant,
498 3108 533 3178 id
560 3129 645 3179 sane
672 3107 845 3185 indicant,
872 3105 981 3176 luisse
1007 3115 1088 3179 tunc
1114 3125 1218 3195 quos·

175 3209 276 3292 dam,
317 3211 376 3302 qui
408 3211 550 3280 Paulum
580 3210 614 3279 in
645 3207 844 3302 Hispaniam
870 3207 1073 3300 pervenisse
1098 3204 1218 3276 crede·

175 3322 268 3394 rent,
295 3321 353 3382 aut
378 3320 472 3383 certe
497 3331 542 3381 an
560 3310 777 3405 pervenerit,
804 3306 1030 3399 ambigerent.
1083 3306 1217 3377 Etenim

246 3524 268 3586 l)
304 3525 390 3588 (Atym
406 3526 443 3586 τῷ
459 3523 560 3583 Σίμωνι
577 3523 670 3594 Πέτρῳ
691 3519 706 3574 ὁ
722 3519 832 3590 Ἰησοῦς)
850 3515 1013 3588 Ἀμήνοίμῆν
1027 3520 1091 3584 λέγω
1105 3537 1154 3585 σοι,
1172 3518 1217 3574 ὅτε

174 3583 205 3661 ἧς
223 3592 357 3662 νεώτερος,
383 3589 499 3648 ἐζώννυες
523 3590 649 3655 σεαυτὸν,
678 3592 722 3642 καὶ
745 3587 911 3661 περιεπάτεις
934 3583 1004 3640 ὅπου
1022 3587 1129 3656 ἤθελες·
1153 3588 1219 3644 ὅταν

175 3664 203 3714 δὲ
220 3661 352 3734 γηράσῃς,
379 3662 483 3718 ἐκτενεῖς
505 3659 554 3719 τοὶς
575 3659 665 3732 χεῖράς
684 3677 748 3725 σου,
774 3661 817 3710 καὶ
835 3657 915 3716 ἄλλος
933 3677 960 3709 οε
981 3655 1068 3722 idere,
1093 3661 1138 3711 καὶ
1155 3662 1217 3714 οἴσει

174 3729 243 3784 ὅπου
261 3731 292 3786 οὐ
313 3732 404 3790 θέλεις.
441 3732 527 3784 Τοῦτο
546 3732 573 3782 δὲ
591 3721 664 3792 εἷπε,
688 3730 818 3796 σημαῖνον
835 3729 903 3796 ποίερ
922 3726 1032 3794 θανάτῳ
1050 3726 1155 3788 deiciam
1171 3729 1218 3786 τὸν

178 3801 247 3852 θεόν.

244 3871 266 3924 Ἃ)
303 3867 335 3928 ὡς
353 3866 399 3922 εὀὶν
417 3867 570 3939 πορεύωμαι
589 3866 623 3925 εἰς
644 3868 783 3929 Σπανίαν,
808 3861 901 3921 liutto
927 3866 1144 3935 διαπορευόμενος
1167 3873 1216 3922 θε-

175 3935 297 3992 άσασθαι
315 3937 400 3999 ὑμᾶς,
420 3942 463 3990 καὶ
483 3935 524 3999 ὑφ’
543 3935 615 4000 ὑμῶν
635 3939 845 4006 προπεμφθῆναι
862 3934 913 3986 ἐκεῖ
928 3954 950 3987 ν.
970 3953 995 3985 ε.
1014 3937 1038 3986 λ.

244 4009 268 4070 3)
305 4011 427 4080 (Πέτρος)
452 4010 479 4062 δὲ
502 3999 572 4061 εἶπεν
590 4003 674 4074 αὐτῷ·
702 4005 804 4077 Κύριε,
829 4001 897 4065 μετὰ
921 4005 969 4071 σοῦ
987 4001 1086 4066 ἕτοιμός
1104 4003 1155 4066 εἰμι
1173 4009 1217 4058 καὶ

176 4078 210 4137 εἰς
227 4079 347 4148 φυλακὴν
365 4081 408 4130 καὶ
426 4076 460 4137 εἰς
480 4077 600 4131 θάνατον
618 4075 792 4146 πορεύεσθαι.
827 4076 876 4137 (An
902 4074 972 4126 rorte
995 4079 1092 4128 auctor
1114 4077 1216 4142 vigesi-

176 4167 250 4202 mum
269 4154 387 4219 primum
406 4154 489 4216 caput
511 4149 643 4218 evangelii
665 4149 789 4209 loannis,
813 4146 888 4210 quod
912 4144 1038 4212 spurium
1062 4160 1126 4199 esse
1150 4159 1216 4198 con-

178 4225 244 4285 stat,
263 4225 353 4274 Lucae
370 4220 493 4273 attribuit
501 4219 528 4282 t)
