2917 4875
672 322 798 383 „25
841 355 882 367 ..

254 509 300 561 ex
336 488 477 561 Eusebii
514 492 682 563 sententia
722 491 863 562 Claudio
898 492 1001 562 etium
1037 492 1221 584 superstite
1258 493 1294 561 iu

255 592 466 686 provinciam
502 592 689 664 advenisse
727 602 907 687 putemus,
961 601 1118 663 vetamur
1153 591 1295 684 quidem

253 692 400 764 Historia
435 692 696 775 Ecclesiastica‚
735 695 771 762 in
803 715 871 785 qua
912 717 941 764 c.
976 694 1025 766 20
1057 704 1093 764 et
1123 693 1169 763 at
1206 694 1294 765 Feli·

253 816 329 865 cem
356 795 459 865 etiam
485 796 622 866 Nerone
647 796 837 889 imperante
862 794 1012 865 Iudaeae
1035 795 1227 889 praefuisse
1248 791 1293 886 ¹),

253 919 282 965 c.
308 896 355 966 22
392 895 530 966 Festum
561 916 581 965 a
609 898 747 987 Nerone
779 897 922 968 missum
948 918 1028 968 esse
1055 906 1224 966 memorat
1242 894 1293 983 ης

252 1004 346 1067 certe
370 1007 484 1067 tamen
512 998 593 1067 inde
617 996 846 1069 hauriendum
872 1008 946 1080 est,
985 998 1078 1069 Festi
1106 998 1309 1068 adventum

252 1098 370 1191 primis
408 1098 588 1173 mensibus
625 1099 810 1169 Neroniani
847 1100 981 1193 imperii
1019 1096 1166 1195 (ineunti
1201 1119 1294 1168 anno

255 1196 303 1269 ob
332 1222 363 1293 p.
392 1195 485 1293 Chr.)
524 1220 543 1269 a
581 1200 706 1271 Nostro
742 1200 952 1293 adscriptum
989 1222 1080 1272 esse
1133 1200 1295 1292 Sequitur

251 1309 288 1371 ut
314 1299 460 1382 Paulus,
498 1301 557 1391 qui
589 1320 608 1369 a
635 1302 738 1372 Festo
766 1299 866 1371 brevi
891 1312 1071 1396 postquam
1102 1302 1294 1396 praefectu-

252 1424 324 1472 ram
352 1402 437 1482 iniit,
463 1411 594 1472 aestate
620 1402 663 1473 ad
691 1400 796 1472 finem
810 1413 988 1493 vergente,
1006 1404 1149 1474 Romam
1166 1404 1293 1474 missus

251 1498 325 1583 est,
350 1492 456 1573 vanno
483 1500 530 1573 bb
556 1504 620 1573 iter
646 1506 859 1597 auspicatus,
887 1504 983 1574 initio
1011 1506 1190 1598 sequentis
1211 1505 1294 1573 an‘ni

213 1646 216 1648 -
251 1606 287 1673 in
313 1604 440 1674 Urbem
462 1603 643 1677 advenerit
663 1603 709 1699 ³).
744 1648 795 1661 --
846 1606 1011 1699 Superest
1033 1617 1069 1677 ut
1094 1616 1294 1699 computum

251 1705 392 1776 Eusebii
430 1707 680 1776 examinemus.
743 1707 811 1777 Sed
841 1728 914 1776 rem
947 1729 1126 1800 eousque
1151 1706 1294 1777 differre

215 1822 220 1829 ·
247 1808 367 1897 juvat,
404 1806 486 1877 dum
524 1806 608 1898 quid
640 1806 685 1877 de
722 1817 833 1877 morte
859 1807 953 1877 Pauli
980 1818 1126 1889 statuat,
1163 1829 1293 1898 coguo-

250 1929 415 1980 verrinus.

265 2061 269 2065 »
324 2010 408 2107 illst.
440 2009 524 2079 eccl.
553 2010 601 2088 ll,
641 2007 701 2079 at.
733 2010 838 2099 igitur
862 2006 1034 2081 Neronem
1067 2010 1293 2082 corroborato

249 2110 393 2203 imperio
421 2130 527 2202 quum
561 2109 627 2179 alia
653 2110 833 2181 innumera
861 2112 992 2183 scelera
1018 2112 1124 2181 refert
1149 2113 1291 2183 commi·

249 2210 356 2291 sisse,
389 2220 472 2307 tum
506 2210 619 2281 coetui
654 2209 925 2282 Christianorum
959 2214 1130 2283 funestam
1155 2211 1292 2285 cladem

248 2311 418 2409 inflixisse
440 2302 651 2402 Paulumque
677 2311 816 2402 gladio,
851 2310 991 2383 Petrum
1026 2334 1130 2384 cruce
1163 2315 1292 2385 intere-

247 2412 365 2510 misse.
431 2412 513 2510 Ejus
546 2411 596 2484 rei
623 2421 729 2484 testes
756 2412 900 2486 adhibet
923 2415 1189 2498 Tertullianum,
1227 2416 1291 2488 Ca·

243 2515 317 2604 J‘um
352 2515 615 2608 presbyterum,
658 2514 862 2608 Dionysium
888 2514 1142 2587 Corinthiacum
1154 2547 1163 2602 ς
1200 2539 1290 2610 quos

246 2617 357 2709 capite
390 2616 569 2710 superiore
599 2615 794 2687 audivimus
826 2618 1018 2708 loquentes
1078 2619 1133 2688 Ex
1165 2616 1220 2690 his
1253 2628 1290 2690 ut

245 2715 372 2796 haurit,
400 2718 528 2787 Romae
553 2713 677 2788 eodem
703 2725 858 2810 tempore
883 2718 953 2788 vita
979 2720 1177 2792 decessisse
1205 2741 1288 2814 apo-

246 2817 369 2898 stolos,
403 2818 448 2886 ita
478 2817 568 2889 illius
601 2818 799 2888 testimonio
832 2819 980 2915 probare
1012 2820 1144 2901 studet,
1181 2823 1289 2893 Nero·
1324 2835 1328 2840 ’

244 2939 325 2989 nem
350 2917 498 3013 primum
515 2916 683 2990 ecclesiae
703 2931 961 3012 persecutorem
984 2923 1172 2993 exstitisse.
1206 2923 1288 2993 Ter-

245 3019 423 3091 tullianum
456 3041 541 3091 vero
574 3020 656 3091 dum
691 3021 822 3092 Graece
852 3024 973 3102 vertit,
1016 3023 1102 3092 mira
1137 3024 1289 3115 quadam

244 3120 381 3194 licentia
408 3143 494 3192 usus
521 3131 592 3205 est;
620 3120 707 3192 haee
732 3122 825 3192 enim
846 3123 961 3193 virum
986 3122 1067 3193 facit
1093 3123 1286 3196 dicentem:

239 3220 404 3314 Ἐντύχετε
424 3230 494 3306 τοῖς
519 3219 756 3314 ὑπομνήμασιν
779 3221 880 3313 ὑμῶν.
896 3223 1004 3322 ,Ἐκεῖ
1018 3221 1170 3319 εὑρήσετε
1183 3234 1287 3320 apsi-⁴

243 3471 317 3538 apud
340 3486 423 3537 quern
445 3471 556 3538 publice
578 3472 677 3523 Paulus
703 3473 846 3538 apostolus
868 3486 953 3537 quum
972 3471 1007 3526 ad
1025 3472 1148 3538 quaesita
1166 3485 1286 3540 respon·

242 3541 340 3622 disset,
357 3541 497 3606 praesenti
515 3541 595 3592 etlam
613 3553 663 3605 pro
683 3539 809 3592 tribunali
823 3542 941 3606 Agrippa
952 3553 1031 3605 rege,
1050 3543 1162 3594 vinctus
1172 3545 1285 3596 ftomam

241 3625 347 3740 megs
364 3615 421 3730 esf.
442 3672 509 3727 κατὰ
529 3675 556 3726 di
573 3675 695 3748 Νέρωνος
715 3673 831 3743 Φήλικος
850 3679 897 3744 τῆς
912 3673 1044 3734 Ἰουδαίας
1065 3677 1285 3751 ἐπιτροπειῗοντος

193 3817 196 3824 “
242 3765 263 3800 κ.
283 3747 348 3876 cpi.
366 3812 469 3867 Τούτου
488 3814 515 3865 di
535 3816 639 3882 Φῆστος
657 3809 711 3866 tut
728 3815 853 3883 Νέρωνος
870 3812 993 3877 διάδοχος
1010 3814 1151 3874 πέμπεται.

309 3881 332 3946 ³)
367 3885 548 3938 subscribere
565 3899 619 3936 non
639 3899 770 3951 possum,
789 3886 864 3949 quod
882 3885 1050 3936 Wieselerus
1068 3899 1095 3950 p.
1108 3884 1282 3951 dfdjudicat

241 3966 273 4006 ex
296 3955 508 4010 menteEusebii
525 3955 600 4006 Pauli
618 3957 766 4005 adventum
785 3953 813 4003 in
834 3943 903 4004 Urbe
923 3968 994 4005 anno
1013 3954 1047 4008 te
1064 3955 1281 4009 adscribendum

241 4037 313 4078 esse.
349 4023 497 4090 Oportebat
513 4025 597 4094 igitur
615 4037 678 4075 eum
697 4027 830 4074 autumno
847 4023 908 4073 euni
926 4021 961 4074 54
978 4023 1030 4074 iter
1048 4023 1202 4089 incepisse,
1231 4027 1281 4076 Fe-

240 4095 315 4145 stum
337 4105 403 4145 vero
428 4091 525 4146 eod'em
547 4107 617 4145 anno
643 4093 755 4144 Claudio
779 4091 859 4142 mam
884 4092 1036 4157 imperante
1056 4093 1137 4145 Felici
1161 4106 1281 4145 sueces-

239 4164 313 4216 sisse
330 4163 441 4224 (aestate
462 4164 533 4215 enim
551 4176 651 4214 munus
672 4161 832 4228 auspicatus
852 4163 911 4223 est).
947 4162 1006 4212 Hoc
1025 4162 1059 4213 ab
1081 4161 1204 4213 Eusebio
1225 4176 1282 4215 non

238 4232 365 4290 innuitur.
899 4257 903 4263 ·
