2917 4875
587 318 800 385 ..33-

172 499 249 584 ptos
273 511 353 563 esse
380 489 559 586 perhibet,
586 500 679 563 errat
704 489 866 581 quidem;
902 499 997 561 certe
1023 501 1139 563 tamen
1151 494 1214 563 mi-

171 591 265 661 nime
287 593 353 663 sibi
374 603 589 688 compertum
608 593 732 672 luisse,
753 591 848 683 quod
867 589 1035 674 Eusebio,
1066 595 1214 666 errando

172 702 326 765 testatur.
391 696 451 767 His
486 694 738 787 adstipulantur
771 693 1054 765 Innocentius
1076 705 1110 766 et
1136 696 1215 767 Ge-

172 795 331 879 lasius,
364 798 597 867 Romanorum
628 793 808 891 episcopi,
840 794 900 886 qni
934 803 969 864 et
1004 794 1147 867 Paulum
1181 808 1215 868 et
1294 817 1298 821 ·

172 896 280 966 nllum
316 899 510 992 apostolum
549 897 638 967 ultra
674 894 803 967 Urbem
835 894 1058 967 Occidentem
1089 920 1215 970 vorsus
1300 901 1303 912 '

173 1001 389 1092 processisse
425 998 549 1070 infitias
578 1008 679 1079 eunt,
712 996 938 1091 apostolicam
961 998 1129 1089 originem
1155 1000 1215 1070 uni

87 1112 91 1131 ⁴
173 1099 248 1171 sedi
272 1102 447 1172 Romanae
469 1099 658 1172 vindicant.
722 1100 817 1181 Quos
845 1099 875 1169 si
902 1109 1083 1192 suspectos
1107 1110 1214 1172 testes

172 1201 447 1284 existimaveris,
484 1199 681 1295 perpendas
707 1220 861 1292 quaeso,
904 1223 987 1270 num
1012 1211 1083 1271 tam
1109 1200 1216 1274 confi·

171 1302 295 1376 denter
334 1304 478 1375 locuturi
514 1303 684 1382 luissent,
727 1302 757 1372 si
788 1310 883 1373 certa
916 1303 1028 1394 aliqua
1061 1305 1112 1374 rei
1144 1326 1216 1374 me·

172 1407 282 1476 moria
309 1407 344 1476 in
371 1404 560 1476 Occidente
594 1404 726 1475 fuisset.
794 1402 862 1473 Sed
895 1426 1007 1496 usque
1039 1402 1216 1476 adfinem

141 1507 303 1579 ‘saeculi
339 1506 429 1579 sexti
472 1506 587 1578 nullus
631 1504 803 1597 reperitur
838 1506 927 1575 inter
964 1505 1215 1588 Occidentales,
1282 1581 1288 1592 ,

172 1608 231 1700 qui
254 1609 321 1680 illis
351 1610 551 1699 refragetur.
610 1606 700 1676 Num
727 1604 969 1697 Gregorius
992 1608 1036 1678 Μ.
1065 1608 1217 1699 refrage-

173 1718 228 1779 tur
253 1731 297 1779 an
323 1704 411 1781 oum'
429 1708 482 1779 his
509 1708 629 1789 faciat,
662 1729 733 1778 non
756 1707 883 1799 liquet;
922 1706 1006 1779 nihil
1033 1709 1126 1779 enim
1149 1709 1216 1780 nisi

171 1810 314 1881 Paulum
346 1808 544 1904 Hispaniam
580 1809 770 1903 petiisse
806 1807 975 1901 perhibet.
1012 1810 1101 1893 ‘Qui
1134 1809 1216 1881 sub-

171 1912 253 1983 inde
274 1912 486 1993 floruerunt,
514 1933 595 1982 eum
621 1910 670 1979 ibi
696 1907 852 1981 adfuisse
878 1933 949 1981 non
975 1910 1134 1982 dubitant
1160 1932 1215 1983 as-

172 2035 300 2085 serere.
353 2014 424 2084 Hos
453 2022 568 2083 tamen
594 2034 640 2083 ex
666 2011 819 2084 Eusebio
846 2011 1108 2108 et'Hieronymo
1131 2012 1216 2084 hau·

172 2116 261 2186 sisse
288 2124 432 2187 constat.
485 2114 609 2197 Quanti
644 2114 712 2184 sint
747 2113 967 2195 aestimandi,
1003 2115 1133 2205 judicio
1168 2116 1217 2185 le·

172 2215 284 2288 ctoris'
303 2216 467 2287 benevoli
503 2213 733 2296 commendo,
770 2214 800 2285 si
835 2214 1002 2309 placuerit
1038 2217 1135 2287 locos
1170 2236 1217 2286 ex

171 2318 342 2389 Isidoro
366 2318 531 2389 collectos
557 2316 740 2410 inspicere.
768 2356 819 2371 -

173 2463 384 2474 ———.

171 2529 201 2579 lu
225 2528 304 2595 Corp.
328 2531 423 2596 script.
447 2529 509 2582 hist.
534 2531 642 2595 Byzant.
668 2530 766 2582 Chron.
791 2532 886 2598 pasch.
910 2532 968 2584 Vol.
992 2533 1023 2584 ll.
1047 2546 1074 2598 p.
1099 2531 1156 2585 1⁵9.
1176 2535 1218 2586 cd.

171 2597 283 2720 3³3¹pr
298 2601 366 2664 „llis
391 2614 484 2652 conss.
509 2602 605 2652 Petrus
630 2602 657 2652 et
680 2603 780 2653 Paulus
805 2602 883 2668 passi
908 2604 973 2653 sunt
990 2602 1035 2653 dia
1050 2602 1092 2654 ΙΙΙ.
1109 2603 1218 2656 Kalend.
