2917 4875
569 1251 577 1283 l

174 1262 274 1387 Quo
301 1298 430 1385 majore
458 1298 491 1364 iu
519 1297 629 1388 pretio
657 1297 717 1377 iis,
745 1296 803 1386 qui
839 1298 1075 1388 antiquitatem
1108 1298 1218 1385 eccle-

175 1398 346 1471 siasticam
373 1396 537 1487 indagare
566 1396 724 1478 student,
753 1406 832 1466 sunt
863 1395 948 1468 Acta
974 1397 1219 1489 Apostolorum

174 1522 195 1569 a
220 1500 311 1569 Loca
337 1498 541 1591 conscripta,
570 1520 613 1569 eo
638 1486 759 1589 magis,
787 1518 977 1590 pancorum
1004 1507 1133 1568 tantum
1159 1518 1219 1567 an-

176 1622 298 1671 norum
326 1611 361 1670 et
386 1598 563 1671 hominum
589 1596 766 1670 historiam
787 1597 875 1669 libro
896 1598 1067 1669 contineri
1088 1597 1220 1668 dudum

174 1701 285 1773 dolori
321 1701 392 1771 fuit.
444 1699 530 1770 Aliis
557 1701 649 1769 enim
678 1701 874 1793 primaevae
902 1700 1072 1770 ecclesiae
1099 1720 1219 1769 monu-

158 1802 299 1873 mentis
327 1824 468 1895 prorsus
495 1802 568 1871 lere
595 1799 854 1880 deficientibus,
889 1802 1054 1894 plurima,
1082 1820 1220 1891 quoae

148 1905 264 1973 Luca
297 1903 385 1974 disci
418 1912 614 1993 nequount,
650 1902 779 1972 incerta
814 1911 893 1971 sunt
925 1912 960 1971 et
985 1901 1102 1971 dubia.
1156 1903 1220 1981 lmf

175 2004 295 2099 primis
321 2005 438 2094 gravis
466 2022 548 2073 cura
577 2002 658 2073 inde
685 2012 760 2073 orta
788 2012 842 2071 est
863 2002 948 2073 viris
966 2001 1097 2082 doctiS,
1126 2003 1221 2093 quod

176 2128 220 2175 ne
243 2104 502 2196 Pauliqoidem
527 2103 651 2183 vitam,
680 2103 714 2172 in
742 2122 809 2193 qua
832 2102 1062 2173 describenda
1084 2104 1140 2173 ille
1159 2126 1221 2197 po-

177 2207 346 2278 tissimum
373 2221 514 2299 operam
541 2205 742 2284 collocavit,
780 2202 955 2274 adfinem
984 2226 1094 2294 usque
1121 2225 1221 2274 enan

180 2328 255 2377 rare
282 2328 487 2389 eoncessum
514 2306 586 2376 tuit.
639 2305 843 2398 Apostolum
870 2304 1010 2396 quidem
1037 2325 1057 2373 a
1083 2306 1221 2376 Nerone

103 2424 107 2430 ·
179 2408 298 2478 ultimo
332 2408 500 2502 supplicio
529 2406 691 2478 affectum
718 2427 821 2486 esse,
860 2405 1031 2476 unanimis
1064 2417 1250 2477 veterum·

179 2503 384 2580 testimoniis
404 2509 487 2578 satis
506 2507 748 2600 comprobatur
761 2539 788 2606 3,
810 2507 873 2578 sed
898 2507 944 2578 de
963 2516 1118 2599 tempore
1141 2531 1235 2601 sup-1

179 2610 271 2704 plieii
302 2609 346 2679 ad
380 2609 470 2680 hunc
502 2631 613 2700 osque
643 2608 735 2678 diem
764 2609 852 2678 inter
879 2630 919 2678 se
945 2606 1145 2678 discordant
1170 2606 1221 2677 hi-

180 2711 307 2782 storici.
386 2709 453 2780 Alii
486 2711 578 2779 enim
607 2709 743 2779 vincula
774 2709 830 2778 illa
863 2709 1033 2788 Romana,
1071 2730 1221 2800 quorum

179 2813 289 2881 Lucas
316 2811 380 2882 suh
408 2809 512 2881 finem
538 2809 707 2881 ‘Actorum
741 2811 915 2889 meminit,
951 2810 1098 2902 apostoli
1131 2830 1221 2879 mar-

181 2912 270 3006 tyrio
293 2921 436 2983 censent
462 2912 641 2982 terminata
664 2933 755 2990 esse,
783 2932 825 2980 ea
848 2911 979 2981 scilicet
1005 2920 1220 3003 tempestate,

180 3035 246 3105 qua
274 3014 365 3083 Nero
392 3011 601 3084 Christianos
628 3011 724 3082 urbis
752 3012 916 3082 incensae
948 3012 1034 3080 falso
1069 3033 1149 3081 reos
1173 3013 1222 3079 f-

180 3124 286 3184 ceret.
344 3113 410 3182 Alii
439 3114 588 3184 eundem
618 3121 698 3182 tuno
732 3113 852 3205 rapitis
881 3111 1076 3182 absolutum
1105 3122 1223 3204 putant

180 3217 286 3285 Roma
319 3214 533 3295 decessisse,
571 3212 698 3284 deinde
733 3215 853 3284 iterum
882 3234 924 3282 eo
952 3233 1149 3301 regressum
1172 3213 1222 3282 ul-

181 3317 272 3387 timis
298 3316 445 3386 Neronis
471 3316 571 3385 annis
597 3313 751 3384 occisum
777 3337 866 3384 esse.
919 3314 991 3382 Hoc
1009 3313 1101 3382 enim
1116 3335 1223 3404 quum

181 3427 315 3510 patrum
349 3417 662 3486 ecelesiasticorum
696 3415 903 3504 testimoniis
928 3411 1092 3493 affirmari
1118 3413 1223 3484 conli-

180 3519 283 3597 duut,
311 3526 383 3587 tum
410 3539 455 3586 ex
482 3517 636 3610 epistolis
659 3515 701 3585 ad
729 3515 1004 3586 Timotheumet
1030 3514 1139 3605 Titum
1163 3514 1223 3587 da-

180 3619 224 3689 tis
250 3619 431 3708 colligunt,
468 3627 584 3710 utpote
612 3637 702 3708 quae
728 3628 805 3711 post
832 3619 997 3710 priorem,
1030 3636 1133 3705 quam
1161 3638 1223 3686 vo-

180 3727 278 3800 cant,
316 3721 504 3789 Romanam
531 3717 724 3789 custodiam
751 3719 795 3788 ab
822 3718 979 3812 apostolo
1006 3717 1223 3810 conscriptae

182 3821 259 3892 sint.
322 3819 420 3902 'Quae
456 3829 680 3910 argumenta,
723 3820 857 3890 dudum.
884 3820 1097 3910 impugnata,
1130 3828 1234 3911 post·-

181 3941 285 4014 quam
311 3943 423 4014 nuper
447 3940 468 3988 a
491 3920 729 3991 Wieselero
757 3921 872 3991 denuo
900 3916 1070 3989 subtiliter
1094 3919 1224 3989 exami-

182 4032 258 4090 nata
286 4031 367 4092 sunt
394 4030 437 4101 et,
462 4023 605 4092 refutata
624 4019 674 4116 ¹),
712 4024 857 4092 fortasse
890 4021 941 4090 las
974 4018 1039 4088 erit
1070 4041 1223 4114 sperare,

252 4197 272 4260 ¹)
308 4201 335 4250 ln
356 4200 435 4250 libro:
452 4195 623 4278 sslptouologla
641 4199 681 4251 tet
700 4161 800 4262 auolat.
817 4195 950 4257 Beltultrtt
968 4208 998 4246 u.
1019 4192 1132 4262 &ttttuq
1148 4196 1223 4249 tete.
1275 4185 1278 4188 ’

1001 4286 1012 4335 l
