2917 4875
312 466 374 539 Hic
399 464 554 538 secundo
580 474 658 559 post
684 463 924 537 ascensionem
938 463 1087 536 ¹Domini
1100 485 1193 540 anno
1214 469 1276 543 bu·

236 567 398 662 ptizarus,
431 566 632 657 dignitatem
656 566 786 639 meruit
809 564 1038 659 apostolatus,
1071 577 1175 660 atque
1196 570 1285 662 pius

236 668 398 741 omuibus
422 668 602 750 laborans,
635 668 743 739 multo
767 667 870 738 iatius
896 667 986 739 iuter
1010 677 1147 741 ceteros
1172 671 1276 742 verbi

236 771 380 865 gratiam
406 769 605 850 seminavit,
630 780 736 862 atque
749 768 943 841 doctrinam
958 770 1193 860 evangelicam
1211 791 1275 845 auo

236 872 492 965 praedicatione
517 870 684 963 impleuit.

311 974 482 1067 Incipiens
508 972 671 1043 animab
703 973 946 1067 lerosolymis,
978 993 1091 1063 usque
1122 971 1168 1044 ad
1195 973 1274 1067 llly-

236 1074 361 1154 ricum,
395 1082 430 1145 et
459 1074 590 1145 ltaliam
615 1073 938 1167 Hispaniasque
964 1075 1201 1167 prooessit,
1231 1095 1276 1146 ac

208 1170 363 1246 vnomnen
395 1174 518 1247 Christi
553 1178 735 1245 multarum
766 1175 997 1246 manifestavit
1028 1177 1182 1264 gentium
1212 1197 1273 1247 ua·
1371 1254 1375 1259 ,
1437 1161 1446 1246 i

237 1276 408 1357 tionibus,
440 1276 566 1367 quibus
592 1285 671 1347 ante
698 1276 853 1346 nondum
876 1277 989 1347 fuerat
1013 1274 1235 1348 declaratum.

312 1429 418 1447 .....
446 1378 508 1447 Hic
540 1377 587 1449 ob
612 1398 766 1449 amorem
790 1376 917 1449 Christi
941 1378 1065 1448 multas
1091 1379 1273 1471 passiones

237 1480 426 1569 graviaque
457 1480 612 1573 corporis
644 1479 804 1552 sustinuit
836 1481 1030 1553 tormenta,
1079 1479 1117 1547 In
1155 1478 1272 1572 primis

234 1579 392 1651 Iudaicas
424 1580 726 1672 persequutiones,
767 1589 802 1649 et
836 1580 988 1670 gentium
1020 1579 1196 1659 miserias,
1238 1587 1272 1649 et

114 1700 117 1706 ‘
234 1680 408 1761 laborem,
436 1683 583 1761 famem,
609 1680 719 1761 sitim,
747 1682 873 1771 frigus,
900 1691 936 1751 et
952 1681 1161 1761 nuditatem,
1188 1701 1273 1750 nau·

235 1782 359 1872 fragia,
388 1791 423 1851 et
443 1782 536 1852 mille
557 1782 730 1874 pericula,
759 1782 892 1853 rabiem
914 1783 1084 1862 ferarum,
1105 1781 1271 1861 verbere,

234 1883 425 1953 carcerales
451 1884 631 1963 tenebras,
646 1924 649 1927 -
664 1892 698 1953 et
724 1892 893 1954 tormenta
919 1893 1134 1963 catenarum,
1159 1883 1273 1973 squal-

234 1984 327 2055 lores
346 1994 381 2055 et
396 1984 543 2055 vincula.
557 2022 607 2037 -·-
626 1986 718 2054 Inter
733 1982 822 2055 haec
841 1986 1001 2075 ligatura
1027 1983 1179 2063 Iudaeis,
1204 1993 1272 2053 tra-

234 2084 327 2155 ditur
352 2084 529 2177 gentibus,
562 2086 735 2179 lapidatur
756 2085 802 2156 ad
826 2108 973 2167 necem,
1006 2087 1042 2155 io
1067 2095 1184 2179 sporta
1210 2106 1275 2190 per

233 2208 369 2257 murum
392 2186 597 2267 demittimr,
624 2186 733 2276 virgis
756 2187 927 2267 caeditur,
960 2188 1083 2281 poenis
1108 2195 1272 2265 arctatur,

234 2288 269 2357 in
296 2308 436 2359 carcere
463 2288 599 2358 vinctus
624 2295 836 2358 terraemotu
863 2289 952 2358 facto
983 2288 1186 2369 resolvitur,
1225 2286 1273 2356 ad

232 2388 390 2460 ultimum
415 2408 435 2458 a
461 2388 601 2459 Nerone
624 2386 740 2478 gladio
768 2388 924 2460 caeditur
949 2411 993 2460 eo
1024 2390 1100 2470 die,
1133 2410 1205 2482 quo
1236 2396 1274 2458 et

231 2490 353 2561 Petrus
379 2488 566 2562 crucifixos
591 2499 654 2562 est.
708 2490 766 2561 Sic
791 2491 883 2562 enim
908 2500 1127 2584 oportuerat:
1164 2500 1203 2560 ut
1222 2487 1271 2570 bi,

231 2592 290 2684 qui
317 2592 417 2666 simui
444 2591 595 2662 confessi
621 2601 718 2671 sunt,
742 2613 814 2662 nno
837 2592 894 2662 die
913 2601 1172 2664 coronarentur.
1210 2592 1282 2660 Se-⁴

167 2728 171 2736 ·
231 2693 487 2786 pultosRomae
513 2693 549 2762 in
571 2693 628 2768 via
652 2689 822 2773 Qucum,
848 2714 940 2764 anno
967 2704 1045 2788 post
1071 2694 1273 2788 passionem

126 2877 127 2880 Ἴ
233 2795 366 2865 Domini
382 2795 558 2865 tricesimo
571 2801 691 2872 sexto,
718 2795 821 2864 tertio
835 2794 881 2864 ab
895 2795 984 2865 orbe
996 2795 1160 2875 miliario,
1186 2816 1270 2865 con·

231 2906 282 2966 tra
309 2895 556 2967 occidentalem
583 2895 729 2987 plagam.

587 3111 779 3180 chronicon
800 3136 831 3179 c.
854 3111 911 3180 Ν.

551 3239 599 3302 (Ei.
616 3240 681 3292 adit.
698 3241 774 3294 rom.
789 3239 844 3291 Vn.
859 3251 888 3305 p.
906 3236 960 3301 83.)

304 3361 396 3429 Nero
423 3369 543 3449 regnat
565 3361 664 3432 annis
690 3361 775 3432 XIV.
835 3359 897 3431 Hic
924 3357 1085 3448 injuriae,
1120 3358 1305 3447 crudeli-¹¹

228 3461 287 3530 tati
314 3469 348 3530 et
374 3460 532 3531 luxuriae
558 3459 714 3543 deditus,
752 3462 887 3532 retibus
912 3459 1028 3530 aureis
1053 3459 1264 3551 piscabatur:

226 3572 387 3641 matrem,
424 3569 458 3632 et
492 3581 647 3632 sororem
680 3563 854 3656 prostituit
881 3571 917 3633 et
944 3559 1132 3631 interfecit:
1165 3581 1294 3634 sona-s

226 3672 298 3734 tum
322 3663 465 3733 muitum
493 3663 661 3734 extinxit:
684 3665 808 3736 multas
835 3661 1045 3756 reipublicae
1069 3660 1266 3754 provintias

227 3775 262 3834 et
294 3764 399 3834 urbes
431 3764 567 3834 emisit:
608 3765 730 3836 urbem
764 3786 904 3857 quoque
933 3764 1074 3833 Romam
1101 3761 1264 3843 incendit,

226 3875 262 3935 ot
284 3864 419 3954 Trojani
445 3864 573 3938 excidii
598 3867 783 3956 imaginem
811 3873 992 3959 spectaret.
1045 3861 1152 3950 Hujus
1178 3873 1265 3937 tem·

226 3963 369 4060 poribus
396 3966 513 4038 Simon
544 3967 683 4060 Magus,
719 3988 826 4059 quum
851 3965 1109 4037 altercationem
1140 3986 1265 4058 propo

226 4069 353 4142 suisset
383 4085 461 4138 oum
501 4068 600 4140 Petro
638 4078 687 4160 et,
708 4070 813 4139 Panlo
846 4066 1028 4162 apostolis,
1067 4064 1189 4137 dicens
1224 4085 1263 4136 se

97 4161 101 4164 ⁵
224 4169 397 4274 quandam
431 4171 591 4240 virtutem
625 4189 705 4242 osse
739 4169 802 4242 Dei
832 4189 1012 4260 magnam,
1045 4164 1162 4236 medio
1192 4166 1261 4246 dic,
