2917 4875
593 278 806 383 ...512

139 478 148 511 ‘
182 492 279 583 „ligo
316 490 409 561 enim
437 491 508 581 jam
541 492 737 597 immolor,
759 500 794 562 et
827 501 964 585 tempus
998 496 1219 567 resolutionis

179 611 279 665 meae
304 593 442 662 instat.“
495 592 557 664 llic
584 612 667 683 ergo
693 600 816 684 quarto
842 592 980 665 decimo
992 597 1140 669 Neronis
1158 618 1218 667 an-

179 710 243 776 no,
275 690 399 765 eodem
422 694 481 765 die
506 714 577 785 quo
601 693 734 774 Petrus,
761 694 890 766 Romae
917 716 981 788 pro
1006 696 1140 769 Christo
1163 719 1220 770 ea-

179 797 249 890 pite
275 804 470 875 truncatur,
495 795 720 888 sepultusque
747 796 862 867 estin
887 797 945 867 via
965 797 1134 879 Ostiensi,
1160 784 1247 869 aus

179 918 225 967 no
251 905 329 990 post
352 896 553 989 passionem
581 895 719 967 Domini
745 896 923 968 tricesimo
946 901 1104 993 septimo.

349 1077 535 1145 Commeat.
560 1078 596 1143 iu
620 1078 740 1147 lsaiam
761 1079 822 1147 lih.
844 1079 906 1145 lv.
932 1103 963 1145 c.
981 1079 1044 1146 Xl.

479 1188 536 1251 (Ed.
553 1188 665 1240 vallars.
684 1190 711 1240 T.
729 1190 771 1240 IV.
789 1204 817 1255 p.
837 1187 907 1250 163.)

252 1309 303 1379 llo
329 1318 503 1402 tempore,
530 1308 641 1403 inquit
667 1311 792 1391 lsaias,
819 1330 1037 1403 nequaquam
1056 1310 1218 1404 Ephraim

176 1419 210 1481 et
234 1409 356 1491 Iudas,
384 1410 442 1501 qui
469 1431 579 1489 nunc,
615 1432 673 1481 me
697 1409 945 1505 prophetante,
978 1411 1067 1483 inter
1093 1434 1132 1483 se
1158 1411 1218 1484 ho·

175 1512 243 1583 stili
270 1511 351 1581 odio
385 1510 572 1591 dissident,
610 1511 741 1582 inimici
769 1523 886 1592 erunt,
923 1510 987 1583 sed
1009 1513 1108 1602 juxta
1134 1514 1219 1584 Eze-

174 1608 294 1684 chielis
321 1610 557 1706 prophetiam,
582 1612 673 1682 duae
690 1614 811 1703 virgae
829 1614 864 1681 iu
883 1632 986 1683 uuam
1007 1614 1142 1704 virgam
1158 1637 1217 1687 co·

173 1714 398 1808 pulahuutur,
445 1721 480 1783 et
507 1712 694 1803 jungentur
727 1714 763 1782 iu
794 1711 918 1785 Christi
949 1714 1120 1795 Ecclesia,
1157 1717 1218 1806 qui

172 1814 267 1910 prius
294 1816 430 1885 fueraut
455 1815 622 1906 separati,
661 1814 766 1883 itaut
792 1815 827 1883 iu
853 1815 1015 1905 gentibus
1042 1817 1218 1887 eommuni

172 1917 293 1986 labore
317 1914 508 1994 desudent,
535 1924 570 1985 et
595 1914 714 1985 volent
746 1915 780 1984 iu
799 1914 944 1986 humero
962 1914 1139 1988 Philistiim
1153 1939 1217 2009 per

171 2036 267 2087 mare
294 2012 342 2109 (v.
373 2011 453 2107 tl),
488 2014 553 2086 hoc
577 2024 652 2094 est,
688 2015 837 2107 primum
868 2016 1049 2088 maritimis
1079 2018 1216 2109 praedi·

96 2111 100 2121 “
171 2128 251 2189 cent
284 2116 505 2197 Palaestinis,
539 2124 573 2186 et
608 2137 672 2209 per
705 2136 804 2186 mare
837 2116 971 2187 volucri
1002 2140 1108 2187 eursu
1137 2140 1215 2211 per-

169 2226 252 2311 gant
277 2218 321 2289 ad
348 2227 502 2289 caeteras
529 2217 698 2287 nationes.
753 2218 835 2287 Sive
858 2218 957 2306 juxta
982 2218 1082 2287 LXX.
1110 2220 1214 2289 iuter·

168 2330 305 2415 protes:
346 2318 513 2389 volabunt
539 2317 575 2387 iu
609 2318 758 2389 navibus
793 2318 1084 2408 alienigenarum,
1116 2340 1212 2389 mare

169 2422 271 2494 simul
297 2420 578 2514 praedabuntur:
617 2418 710 2510 quod
736 2419 785 2490 de
812 2420 912 2490 unius
937 2420 1034 2489 Pauli
1054 2418 1212 2512 Apostoli

168 2523 331 2617 exemplo
357 2521 603 2611 intelligamus,
631 2519 691 2610 qui
718 2543 782 2612 per
807 2518 1047 2613 Pamphiliam,
1074 2529 1109 2590 et
1134 2519 1212 2592 Asi-

166 2646 239 2706 am,
277 2633 312 2694 et
338 2621 597 2700 Macedoniam,
637 2631 672 2690 et
705 2619 870 2691 Achaiam
903 2631 938 2691 et
969 2619 1127 2692 diversas
1160 2618 1211 2691 in-

167 2725 260 2798 sulas
292 2734 395 2816 atque
425 2723 622 2818 provincias
654 2721 698 2792 ad
731 2723 860 2791 ltaliam
894 2743 1051 2813 quoque,
1093 2730 1136 2792 et
1169 2731 1212 2790 ut

166 2825 451 2920 ipsescrihit,
480 2823 530 2893 ad
550 2823 803 2916 Hispanias,
836 2824 1108 2914 alienigenarum
1132 2843 1211 2915 por·

166 2937 256 2999 tatus
284 2937 337 2997 est
363 2925 521 2997 navibus.
1058 2967 1061 2971 ν

558 3238 812 3316 onosma.

535 3345 663 3411 Histoi.
688 3343 832 3428 v11,7.

240 3537 333 3556 .....
363 3485 470 3556 Auxit
497 3484 586 3558 hauc
614 3487 742 3556 molem
772 3483 965 3554 facinorum
997 3477 1073 3567 ejus
1094 3471 1126 3572 ¹)
1159 3487 1207 3548 te·

164 3589 305 3659 meritas
335 3587 519 3681 impietatis
547 3587 582 3656 in
616 3588 739 3656 Deum.
798 3585 886 3654 Nam
915 3584 1047 3674 primus
1077 3577 1207 3648 Romae

164 3689 376 3762 Christianos
411 3687 589 3781 suppliciis
625 3697 660 3760 et
691 3686 863 3758 mortibus
899 3680 1030 3760 affecit,
1066 3699 1107 3748 ac
1143 3699 1206 3773 per

163 3813 286 3863 omnes
319 3788 516 3885 provincias
548 3791 621 3883 pari
654 3787 899 3882 persecutione
925 3779 1119 3854 excruciari
1142 3779 1206 3850 im-

162 3893 313 3987 peravit:
347 3892 528 3984 ipsumque
562 3912 688 3964 nomen
722 3890 898 3982 extirpare
934 3891 1098 3961 conatus,
1122 3881 1205 3951 hea-

162 3996 314 4066 tissimos
347 3991 470 4063 Christi
504 3994 698 4085 apostolos,
734 3992 871 4060 Petrum
903 4006 1028 4064 cruce,
1064 3981 1205 4053 Paulum

217 4203 237 4266 ¹)
263 4208 311 4257 lut.
329 4205 452 4255 Neronis.
