2917 4875
252 453 330 538 θὼς
353 453 420 541 ἤδη
443 456 661 550 προείπαμεν,
687 453 832 526 καὶτὸν
854 460 1032 550 Στέφανον
1046 452 1300 580 ἀγωνιζόμενον

252 561 368 637 ἐκεῖσε,
396 555 536 629 καὶτὸν
560 562 701 627 Παῦλον
723 562 983 630 συνευδοκοῦντα
1007 553 1096 627 πάνυ
1120 559 1168 649 τῷ
1191 553 1298 650 φόνῳ,

252 655 293 738 δς
320 657 443 751 μικρὸν
472 654 613 751 ὕστερον
643 668 714 739 τοῖς
736 656 876 751 ἄρχουσι
899 662 966 731 ταῖν
987 627 1164 727 Ἰουδαίων
1186 685 1299 750 παρα·

252 755 352 840 στάς,
375 758 550 840 ἐπιστολάς
576 763 741 846 ἐκομίζετο
765 758 849 853 πρὸς
873 758 952 841 τοῦς
975 764 1011 829 ἐν
1031 763 1199 851 Δαμασκῷ
1210 760 1299 827 ’106-

252 863 368 941 δαίους
395 860 482 931 κατά
515 863 593 929 τῶν
609 864 796 948 μαθητῶν.
832 859 920 929 κατά
941 865 1045 949 μέσην
1067 863 1104 928 δὲ
1128 858 1190 944 τὴν
1214 855 1300 928 ὁδόν

250 956 273 1043 ἡ
298 964 413 1046 κλῆσις
427 959 518 1055 αὐτῷ
532 966 701 1047 γεγένηται
712 958 805 1053 παρά
818 967 880 1030 τοῦ
896 962 999 1040 θεοῦ,
1020 958 1065 1041 ὡς
1074 963 1180 1053 μικρῷ
1192 984 1298 1053 προσ-

252 1066 514 1145 αναλυθῆναι
503 1060 542 1132 τὸ
581 1067 703 1143 ἐτος’
686 1070 805 1133 εκείνο
843 1066 1084 1150 ἐπιλαβομένου
1116 1064 1203 1144 δῆτα
1233 1062 1299 1128 τοῦ

252 1164 539 1232 ἐννεακαιδεκάτου
565 1169 659 1243 ἔτους
689 1168 845 1281 Τιβερίου
865 1166 1041 1289 Καίσαρος
1056 1158 1299 1254 κατάρξασθαι

252 1261 314 1332 τὸν
333 1268 474 1334 Παῦλον
498 1269 558 1333 τοῦ
581 1260 794 1352 κηρῦγματός
818 1288 922 1357 φησιν
942 1292 965 1346 η
990 1265 1139 1355 ἱστορία,
1164 1259 1299 1344 κοίτην

252 1360 389 1436 άπασαν
413 1366 608 1453 οἰκουμένην
630 1369 841 1455 διαδραμεῖν,
871 1359 1157 1451 εὐαγγελιζόμενον
1173 1388 1238 1445 την
1250 1389 1299 1442 εις

252 1463 405 1555 Χριστόν
432 1464 617 1554 εὐσέβειαν,
647 1472 745 1555 μέχρι
767 1460 1081 1556 τρισκαιδεκάτου
1062 1490 1157 1543 ετους
1185 1468 1298 1531 Κλαυ·

252 1570 327 1635 δίου
353 1570 543 1659 Καίσαρος,
565 1563 825 1654 ἡγεμονεύοντος
848 1564 923 1633 τότε
949 1568 1010 1649 τῆς
1031 1561 1204 1643 Ἰουδαίας
1223 1558 1297 1647 (66-

250 1672 359 1747 λικος,
386 1664 441 1760 ἐφ’
471 1660 511 1737 οὗ
536 1672 784 1757 κατηγορηθείς
808 1662 1063 1754 ῦπὸ.ῘΙουδαίων
1086 1663 1149 1749 τὴν
1173 1665 1298 1731 άπολο·

251 1775 330 1856 γίαν
356 1767 539 1853 ἐποιήσατο
564 1771 722 1848 Παῦλος·
748 1763 788 1847 ὃς
813 1764 854 1851 δὴ
878 1765 940 1835 τάν
964 1763 1156 1837 ἀπόστολον
1182 1762 1230 1844 εἰς
1254 1762 1296 1833 τὸ

251 1866 339 1937 κατά
364 1873 399 1938 K
403 1867 578 1960 αισάρειαν
594 1867 814 1986 δεσμοιήριον
826 1868 1002 1957 καθείρξεν
1017 1871 1071 1935 ἐπὶ
1088 1870 1183 1934 δυσίν
1194 1870 1296 1935 ἔτεσι·

250 1966 376 2058 μεθ’
364 1968 405 2040 όν
430 1966 660 2089 διαδεξάμενος
684 1968 761 2052 τὴν
777 1964 884 2058 ἀρχὴν
908 1964 1057 2059 Πόρκιος
1082 1970 1216 2051 Φηστος
1236 1961 1297 2035 εῦ-

251 2067 367 2150 θῦς’
347 2068 500 2164 ω’ρμηοεν
524 2066 708 2163 διακρίνειν
722 2068 784 2138 τόν
798 2066 1003 2147 ἀπόστολον,
1031 2077 1101 2147 τοῖς
1112 2064 1298 2149 Ἰουδαίοις

250 2172 409 2259 μεγίστην
437 2176 471 2241 ἐν
511 2167 621 2262 τούτῳ
649 2168 750 2259 χάριν
773 2174 1053 2257 κατατιθέμενος
1083 2163 1160 2237 τότε
1185 2157 1247 2235 οῦν
1273 2162 1294 2233 6
1373 2198 1379 2207 ·

249 2266 423 2359 μακάριος,
449 2273 591 2357 νομίσας
613 2266 676 2337 οῦκ
699 2268 805 2350 ἄλλως
828 2266 1193 2357 άπαλλαγήοαοθαι
1155 2294 1214 2352 της
1224 2293 1295 2336 επι·

249 2367 442 2456 βουλῆς,”
418 2399 439 2455 η
467 2374 627 2462 Καίσαρα
654 2366 987 2460 ἐπικαλεσάμενος,
972 2367 1074 2451 εστιῦς
1087 2374 1140 2438 ἐπὶ
1153 2394 1215 2438 του
1198 2362 1274 2456 ”’βν
1277 2401 1294 2429 .·

249 2495 358 2556 ματος
381 2476 598 2540 ἐπεκαλέσατο
616 2475 794 2560 Καίσαρα,
820 2480 877 2542 καί
892 2499 941 2551 εις
952 2467 1114 2560 Ῥώμην
1098 2474 1295 2557 ἐκπέμπεται

249 2567 335 2661 πρὸς
361 2577 501 2662 Νέρωνα
525 2569 587 2640 τὸν
612 2575 789 2663 Καίσαρα·
822 2578 924 2656 συνῆν
948 2573 984 2639 δὲ
1012 2573 1103 2663 αῦτῷ
1126 2576 1183 2639 καὶ
1202 2565 1293 2695 'Api-

249 2695 413 2758 σταρχος,
440 2669 481 2739 δν
506 2679 563 2740 καὶ
586 2668 720 2752 εἰκότος
745 2669 1018 2760 συναιχμάλοιτόν
1041 2697 1108 2739 που
1133 2673 1199 2738 τῶν
1221 2673 1295 2738 ἐπι·

248 2772 378 2840 στολῶν
404 2773 577 2848 ἀποκαλεῖ,
604 2797 660 2839 και
649 2771 860 2852 Λουκας
833 2799 853 2840 ο
876 2770 938 2852 τὰς
961 2767 1095 2898 πράξας
1118 2776 1183 2838 τῶν
1206 2767 1293 2838 άπα-

249 2864 382 2939 στόλων
396 2897 509 2966 γραφη
492 2866 711 2964 παραδούς.
737 2868 865 2963 κᾴκεῖσε
889 2863 961 2942 οῦν
975 2876 1027 2940 ἐπὶ
1047 2875 1108 2954 τῆς
1117 2868 1295 2958 Ῥωμαίων

248 2966 267 3037 ὁ
294 2973 441 3051 Παῦλος
466 2973 589 3040 διετίαν
612 2968 693 3056 ὅλην
717 2941 822 3054 αὖθις
848 2969 1069 3066 ἐφυλάττετο.
1095 2973 1202 3040 ταῦτα
1224 2968 1293 3060 γάρ

250 3077 308 3139 καὶ
336 3077 431 3164 μέχρι
452 3068 579 3140 τοῦτον
604 3079 730 3164 ἱστορεῖ
747 3077 926 3154 Λουκᾶς’
910 3100 945 3143 εν
969 3078 1042 3153 ταῖς
1063 3069 1199 3165 πράξεσι
1224 3074 1294 3139 τῶν

247 3169 463 3248 ἀποστόλων,
493 3169 568 3238 κατ’
598 3175 698 3240 ἐκεῖνο
729 3177 847 3265 καιροῦ
871 3172 911 3246 τὸ
941 3176 1072 3260 βιβλίον
1096 3167 1294 3289 ουγγραψά-

246 3297 360 3358 μενος,
386 3279 443 3340 καὶ
470 3269 512 3338 τά
539 3269 736 3357 καθεξῇς’
712 3299 834 3358 ηκιστα
854 3269 931 3342 τότε
951 3271 1130 3358 γινώσκων,
1156 3268 1286 3338 οὐδὲ
1249 3299 1291 3340 το

247 3367 434 3462 μαρτύριον
460 3367 582 3440 ’τοῦτου
607 3377 807 3460 ἐγκατέθετο
833 3376 876 3470 τῇ
898 3379 1020 3467 βίβλο.
1054 3368 1293 3452 καταλιπόντες

246 3468 312 3563 γάρ
339 3468 446 3542 αὐτὸν
471 3477 569 3540 ἐκεῖσε
594 3478 730 3555 Λουκᾶς
755 3501 791 3544 τε
813 3482 869 3544 καὶ
890 3479 1102 3565 Αρίσταρχος
1128 3474 1288 3557 ἐξῆλθον

247 3573 408 3695 Εὐσέβιος
440 3575 490 3649 δὲ,
526 3570 606 3652 τοῦς
636 3583 810 3662 μετέπειτα
833 3574 974 3664 χρόνους
996 3571 1142 3664 ἀκριβῶς
1165 3601 1291 3666 περιερ-

244 3671 452 3759 γασάμενος,
484 3667 657 3762 ἱστόρησεν
689 3672 769 3762 ημῖν
799 3680 898 3744 καὶ
883 3701 918 3745 εν
947 3678 996 3742 τῶ
1025 3677 1164 3766 δευτέρῳ
1195 3671 1300 3766 τάμῳ

143 3840 145 3842 ,
246 3774 307 3856 τῆς·
332 3777 597 3858 ἐκκλησιαστικῆς
624 3777 773 3865 ἱστορίας
798 3771 922 3844 τοῦτον
946 3781 1003 3843 καὶ
1027 3772 1066 3842 τὸ
1088 3770 1289 3865 μαρτόριον.

169 3895 183 3902 “
247 3877 304 3946 καί
330 3899 412 3968 φησι
436 3870 497 3941 τὸν
521 3869 717 3944 Παῦλον”
694 3900 812 3945 ανετον
837 3879 1029 3967 διατρῖψαι,
1060 3880 1117 3942 καλ
1142 3871 1203 3943 τὸν
1227 3877 1290 3943 τοῦ

248 3974 336 4042 Θεοῦ
366 3969 467 4061 λόγον
499 3969 687 4055 άκωλάτως
706 3971 844 4066 κηρῦξαι
877 3969 1178 4070 ἐπισημηνάμενος
1211 3970 1289 4040 τότε

243 4081 304 4158 μὲν
334 4064 394 4145 οῦν
426 4077 479 4142 ἐπὶ
517 4078 671 4168 Νέρωνος
708 4071 1006 4163 ἀπολογησάμενον
1046 4071 1106 4142 τὸν
1145 4077 1288 4142 Παῦλον

245 4165 391 4258 αῦθις’
375 4181 427 4246 επί
454 4171 514 4260 τὴν
539 4181 599 4244 τοῦ
625 4171 840 4270 κηρύγματος
861 4180 1036 4245 διακονίαν
1058 4169 1180 4260 λόγος
1206 4173 1288 4261 ἔχει
