2917 4875
583 304 813 369 -11-·

167 502 237 545 τον
260 480 434 566 Νέρωνα
457 480 586 545 τοῦτο
610 475 654 547 τὸ
683 473 892 567 δόγμαᾘ
872 478 997 563 noina
1018 464 1213 566 ’μάλιστα

166 582 206 647 ἐν
228 572 357 674 Ῥώμη
385 576 457 663 τὴν
483 573 849 663 άνατο1ὴνπᾶσον
873 574 1213 665 ὑποτάξαςώμός

165 705 213 760 ην
239 678 297 759 εἰς
321 674 496 759 πάντας,
523 676 751 761 διώξαντα.
779 674 1028 771 Τοιοάτῳτῆς
1045 675 1213 761 κολάσεως

146 818 150 828 ·
166 776 259 867 ἡμῶν
283 775 419 872 άρχηγῷ
442 776 660 905 καυχώμεθα.
699 779 828 874 Ογάρ
853 747 949 860 cirici}
972 783 1110 858 ἐκεῖνον,
1135 784 1213 898 cpit·-

166 904 225 949 σαι
250 876 452 959 δύναται,
430 908 475 961 ως
501 882 560 949 οὐκ
586 879 629 951 ἂν
649 881 680 953 εἰ
699 881 747 972 μὴ
769 890 856 973 μέγα
877 908 909 951 τι
922 870 1094 967 άγοθάν
1074 900 1125 964 ην,
1144 878 1210 951 ὑπὸ

166 986 322 1093 Νέρωνος
345 985 603 1074 κατακριθῆναι.
638 1020 686 1031 -
740 981 880 1053 Dudum
905 979 1132 1051 observatum
1158 989 1213 1052 est

166 1101 186 1149 a
214 1080 297 1151 viris
318 1080 451 1163 doctis,
479 1100 539 1162 ea,
566 1101 656 1172 quae
684 1083 794 1155 literis
820 1084 922 1155 latius
947 1080 1126 1173 dispositis
1150 1103 1212 1159 en,

154 1181 378 1273 pressimus,
414 1202 434 1250 a
460 1182 579 1255 verbis
605 1184 734 1257 Latinis
759 1184 943 1257 dissidere.
996 1181 1134 1253 Plurimi
1162 1191 1211 1258 tu-⁴

166 1302 246 1353 men
275 1280 341 1355 hoc
378 1283 454 1355 sive
488 1284 631 1357 Eusebii
665 1286 741 1357 sive
773 1284 987 1378 interpretis,
1025 1300 1095 1373 quo
1125 1305 1211 1354 usus

167 1392 288 1467 esset,
307 1383 519 1475 ignorantiae
544 1386 738 1461 tribuerunt
757 1383 802 1481 ¹).
854 1386 898 1456 At
922 1384 983 1455 vix
1010 1384 1134 1455 Noster
1160 1384 1210 1454 ni-

166 1481 214 1553 hil
252 1484 319 1563 nisi
354 1485 549 1578 interpretis
589 1497 704 1580 partes
738 1486 911 1560 hocloco
941 1505 1047 1575 agere
1080 1486 1210 1569 voluit,

166 1603 245 1655 nam
272 1584 380 1656 rerba
407 1608 476 1657 non
501 1587 547 1657 ita
572 1590 660 1659 male
683 1589 870 1670 intellexit,
897 1609 1001 1679 quam
1019 1586 1133 1680 potius
1143 1587 1209 1664 alia

165 1687 411 1779 praetermisit,
445 1689 511 1757 alia
542 1689 587 1760 de
617 1710 680 1761 suo
713 1690 847 1761 addidit
863 1687 908 1784 ²).
970 1688 1021 1759 Ile
1052 1688 1210 1769 consulto

165 1808 244 1857 eum
279 1787 324 1857 ita
355 1798 530 1861 versatum
557 1812 655 1870 esse,
685 1792 853 1885 imprimis
887 1790 969 1861 iude
994 1790 1134 1861 elucere
1159 1789 1210 1859 vi·

164 1886 282 1968 detur,
318 1888 412 1979 quod
438 1901 586 1962 aetatem
616 1892 871 1985 persecutionis
892 1890 1133 1969 adumbravit,
1164 1890 1210 1963 de

165 2006 232 2078 qua
258 1989 484 2063 Tertullianus
511 1992 594 2063 nihil
621 1992 735 2067 habet.
789 1994 930 2064 Etenim·
955 2014 1062 2083 quum
1089 1990 1209 2063 verbis

163 2090 224 2175 τὴν
249 2092 416 2177 ἀνατολὴν
440 2098 556 2165 πάσαν
581 2094 750 2181 ὑποτάξας
775 2095 898 2175 utitur,
929 2112 1014 2164 saue
1025 2092 1209 2163 Tiridatem

164 2200 311 2305 spectat,
340 2214 457 2283 regem
471 2192 676 2275 Armeniae,
700 2206 778 2290 post
804 2196 937 2267 diutina
962 2195 1054 2265 bella
1080 2195 1209 2265 Romae

164 2292 295 2363 socium
310 2302 344 2363 et
359 2295 506 2367 amicum
523 2307 715 2411 receptum
721 2307 757 2368 et
771 2296 967 2369 diademate
983 2305 1142 2367 ornatum
1160 2292 1206 2390 3)

162 2392 230 2464 Res
246 2414 266 2463 a
285 2395 479 2468 Suetonio
471 2420 506 2468 rn
528 2398 598 2468 vita
615 2398 763 2472 Neronis
785 2421 816 2470 c
844 2398 901 2470 13.
924 2397 1030 2468 relata
1056 2407 1121 2478 est,
1149 2397 1208 2489 qui

162 2483 255 2568 idem
281 2506 421 2577 monet,
449 2497 513 2570 hac
541 2499 586 2570 da
619 2499 722 2572 causa
749 2501 926 2570 Neronem
952 2499 1224 2572 consalutatum*

163 2596 421 2690 imperatorem,
455 2599 720 2694 laureamque
712 2624 748 2672 m
783 2601 987 2694 Capitolium
1013 2600 1136 2681 latam,
1173 2609 1208 2672 et

161 2697 282 2768 Janunr
308 2699 482 2790 geminum
509 2703 663 2774 clausum
691 2723 783 2774 esse.
837 2703 902 2772 Hic
923 2703 1071 2795 scriptor
1087 2721 1206 2792 quum,

105 2795 111 2806 ’
162 2801 279 2870 1..11
307 2799 427 2872 1115.
462 2802 507 2874 de
534 2804 772 2875 consulatibus
804 2825 825 2873 a
857 2804 996 2883 Nerone
1031 2803 1139 2894 gestis
1172 2813 1209 2874 et

159 2902 292 2974 ratione
317 2902 394 2990 ejus
422 2903 633 2996 reipublicae
656 2903 950 2982 administrandae
975 2889 1134 3000 locutus,
1175 2927 1205 2974 c.

165 3004 222 3074 16.
250 3004 527 3096 persecutionem
555 3003 827 3076 Christianorum
852 3014 1077 3084 memoraret,
1105 3006 1206 3076 facile

161 3106 260 3176 alicui
290 3103 507 3176 historiarum
534 3128 604 3176 non
631 3107 713 3180 satis
742 3127 850 3196 gnaro
876 3107 1110 3199 suspicionem
1133 3129 1206 3178 mo
1213 3157 1216 3161 ψ

162 3229 247 3278 vere
281 3215 430 3299 poterut,
465 3208 497 3277 in
533 3206 745 3278 Christianos
778 3209 949 3280 saevitum
982 3229 1082 3287 esse,
1113 3218 1205 3301 post·

162 3329 265 3400 quam
292 3307 459 3379 Tiridates
484 3309 613 3380 Romae
640 3309 772 3380 luisset.
833 3309 986 3381 Eusebio
1019 3308 1085 3381 hoc
1116 3311 1206 3381 acci-

233 3469 254 3532 1)
290 3469 327 3521 Cl.
342 3469 473 3533 ludicia'
465 3483 493 3522 ιη
513 3462 631 3524 editione
650 3473 817 3526 Heinichenii
831 3477 953 3529 collecta
990 3475 1037 3528 llis
1050 3477 1119 3529 adde
1132 3480 1206 3544 quod

161 3541 305 3662 1tpppnptgrpa
307 3539 468 3689 uponpp9plle
483 3539 606 3593 tontibus
628 3557 660 3595 arr
679 3545 781 3609 quibus
801 3545 893 3598 hausit
911 3547 1058 3599 Eusebius.
1084 3549 1152 3611 ij
1171 3549 1206 3598 arl

232 3675 255 3740 ²)
290 3679 323 3730 Ut
344 3679 433 3745 primo
459 3679 549 3730 statIm
575 3681 673 3734 obtutu
698 3681 911 3751 discrepantiam
936 3685 1055 3747 sentias,
1090 3686 1205 3751 inspice,

163 3761 280 3814 quaeso,
299 3748 390 3799 Latina
408 3762 472 3799 cum
491 3749 601 3801 Graecis
621 3753 787 3817 composita:

233 3817 350 3885 primum
377 3819 511 3870 Naronem
538 3819 566 3870 in
592 3820 661 3902 hauc
688 3826 792 3874 sectam
816 3827 875 3875 tum
901 3824 1014 3877 mamma
1041 3825 1140 3876 Rornae

233 3888 337 3954 πρῶτον
369 3885 483 3957 Νέρωνα
505 3889 585 3940 τοῦτο
608 3885 640 3939 τά
663 3886 798 3954 styps-,5
782 3891 838 3957 ηνίκ
840 3909 858 3942 α
876 3891 1021 3954 pdlma'
1009 3907 1036 3942 εν
1050 3887 1139 3975 Ῥώμῃ

356 3977 389 3992 ·-
503 3985 528 3995 -
635 3983 669 3996 --
770 3991 797 4000 -
841 3987 871 4000 ι-
904 3989 932 4001 -
1005 3985 1038 3998 —-
1085 3963 1139 4014 ori

231 4019 279 4090 τὴν
305 4019 438 4090 crocotas
466 4028 555 4077 πᾶσαν
583 4022 718 4086 ὑποτάξας
747 4025 813 4090 ὠμὸς
841 4019 873 4097 ἢν
898 4030 932 4087 111
956 4027 1124 4094 πάντας,-

232 4097 321 4146 entem
340 4093 502 4146 Gaesarlauo
522 4097 610 4162 gladio
629 4099 770 4150 ferocisse

626 4163 764 4224 διώξαντα.

233 4231 254 4294 ³)
291 4234 328 4286 Gt.
349 4228 477 4298 diliasete,
497 4230 669 4303 ditouologle.
689 4253 715 4304 p.
735 4237 815 4290 579.
