2917 4875
684 308 895 373 ..211-

269 491 395 561 Lucam
428 504 536 580 penes
562 504 602 556 se
628 504 709 555 esse
735 488 895 562 testetur,
930 483 1019 552 inter
1043 483 1190 575 primam
1214 485 1309 555 illam

269 589 461 684 apologiam
498 584 670 676 quendam
707 583 774 656 sibi
807 582 961 655 adfuisse
1001 596 1104 673 neget
1141 582 1190 682 (v.
1232 581 1306 680 16).

268 691 395 762 Verum
421 687 600 759 enimvero
626 706 716 778 quae
742 685 912 755 Eusebius
938 683 992 753 his
1018 685 1104 757 locis
1129 688 1224 757 innui
1248 708 1307 757 au·

269 801 391 871 tumat,
426 787 545 859 verbis
578 808 701 859 reuera
736 787 853 857 inesse
878 786 1019 857 minime
1044 788 1308 869 concedendum

269 902 346 977 est3
370 884 498 983 ¹neque
525 889 619 959 enim
646 890 756 983 prima
781 888 838 956 illa
860 888 1080 980 apologiam
1107 890 1222 983 priore
1247 889 1307 959 ali-

271 1015 337 1088 qua
364 990 521 1063 custodia
547 992 635 1062 facta
661 1013 742 1061 esse
771 988 893 1069 debet,
930 1010 996 1060 nec
1024 1012 1148 1062 vocem
1173 998 1309 1073 λέοντος

269 1094 314 1167 ad
348 1095 522 1165 Neronem
554 1102 717 1185 spectaro
744 1100 880 1163 certum
913 1100 977 1161 est
1038 1091 1139 1174 Quod
1170 1112 1217 1161 ex
1251 1114 1306 1172 eo,

269 1196 363 1291 quod
389 1195 499 1265 Lucas
521 1194 610 1264 inter
633 1192 873 1265 defensionem
899 1192 1027 1264 absens
1043 1194 1160 1275 fuerit,
1188 1203 1308 1287 postea

267 1319 355 1371 varo
381 1290 546 1376 adfuerit,
583 1295 732 1385 colligit,
766 1293 892 1365 misere
922 1293 1102 1366 claudicet.
1161 1294 1237 1378 Qua
1261 1294 1307 1365 de

269 1420 308 1471 re
341 1390 448 1490 quum
479 1396 681 1467 nostratium
716 1396 865 1487 optimus
893 1396 1041 1487 quisque
1070 1395 1202 1467 dudum
1225 1418 1307 1467 oon·

268 1500 449 1579 venerint,
496 1496 686 1568 Eusebium
724 1496 791 1567 hdo
826 1498 903 1567 loco
934 1498 1099 1591 vapulare
1134 1521 1205 1568 non
1237 1498 1308 1589 jam

269 1610 405 1696 oportet
427 1599 584 1694 pluribus
606 1600 808 1675 evincamus
830 1593 874 1695 ¹).
927 1599 997 1670 Sed
1010 1623 1014 1629 ’
1027 1620 1072 1669 ne
1107 1598 1199 1671 huno
1232 1598 1307 1691 qui·

268 1702 351 1775 dem
376 1701 535 1794 suspicor
562 1700 759 1795 interpretis
780 1709 895 1792 partes
923 1701 968 1769 ita
1001 1711 1158 1771 acturum
1185 1701 1305 1781 fuisse,

268 1804 336 1875 nisi
360 1802 502 1873 Paulum
527 1802 581 1874 bis
608 1804 737 1873 Romae
756 1800 909 1872 adfuisse
927 1802 1030 1872 etiam
1048 1802 1116 1871 alia
1135 1802 1180 1873 de
1201 1822 1307 1873 causa

267 1924 330 1998 pro
371 1913 468 1977 certo
500 1903 669 1975 duxisset.
733 1902 916 1995 Postquam
942 1904 1034 1973 enim
1059 1902 1105 1975 de
1131 1906 1236 1975 altera
1261 1903 1307 1973 ad

265 2004 481 2077 Timotheum
500 2005 645 2098 epistola
663 2005 708 2074 ita
724 2003 898 2085 disseruit,
915 2003 982 2075 hoc
994 2008 1158 2077 annectit:
1192 2010 1307 2077 Ταῦτα

266 2114 302 2179 δὲ
332 2106 432 2199 ἡμῖν
463 2112 590 2201 εἴρηται
625 2113 1021 2201 παρτσταμὲνοις,
1057 2104 1110 2179 ὅτε
1143 2108 1191 2199 μὴ
1222 2110 1302 2178 καθ’

235 2227 240 2232 “
265 2208 308 2297 ἢν
333 2208 502 2291 ὁΛονκᾶς
524 2206 714 2302 ἀνέγραψεν
735 2214 788 2277 ἐπὶ
813 2212 872 2293 τῆς
890 2206 1020 2298 Ῥώμης
1045 2215 1222 2300 ἐπιδημίαν
1246 2214 1309 2279 τοῦ

265 2308 424 2389 Παύλου,
450 2309 490 2379 τὸ
517 2307 702 2403 μαρτύριον
727 2306 819 2403 αἰετῷ
840 2310 1082 2404 συνεπεράνθη.
1132 2309 1233 2392 Εἰκὸς
1252 2313 1306 2397 γέ-

266 2441 321 2483 τοι
345 2409 431 2482 κατὰ
456 2420 517 2502 μὲν
543 2408 647 2506 ἀρχάς
672 2406 855 2504 ἠπιώτερον
879 2415 942 2482 τοῦ
966 2415 1121 2507 Νέρωνος
1138 2416 1307 2503 ’διακειμέ-

264 2539 343 2594 νον,
370 2511 455 2608 ῥᾷον
480 2512 541 2597 τὴν
564 2512 646 2604 ὑπὲρ
672 2515 735 2581 τοῦ
759 2511 928 2602 δόγματος
953 2519 1017 2584 τοῦ
1039 2512 1183 2584 Παύλου
1205 2541 1307 2584 κατα·

265 2619 427 2706 δεχθῆναι
459 2611 655 2704 ἀπολογίαν.
717 2611 959 2705 Προελθόιῑτος
989 2620 1024 2685 δὲ
1052 2615 1098 2697 εἰς
1124 2618 1307 2705 ἀθεμίτους

265 2717 407 2804 τόλμας,
437 2713 522 2804 μετὰ
548 2719 618 2799 τῶν,
638 2711 745 2785 ἀλλων
765 2723 820 2786 καὶ
845 2715 888 2784 τά
913 2716 1001 2786 κατὰ
1024 2720 1089 2787 τῶν
1113 2711 1307 2789 ἀποστόλων

265 2819 476 2909 ἐπιχειρῆσαι.
498 2853 548 2865 -
597 2815 685 2883 Dum
710 2814 830 2884 scribit
854 2815 935 2905 ἡμῖν
957 2823 1232 2909 παρεσταμὲνοις,
1250 2835 1305 2884 re·

266 2915 383 3011 cipere
409 2937 448 2987 se
474 2915 613 2987 videtur
638 2916 683 2987 sd
710 2915 762 2996 id,
786 2917 880 3009 quod
905 2917 941 2986 in
968 2918 1065 2988 initio
1092 2918 1212 3010 capitis
1232 2937 1306 2986 me·

264 3017 412 3089 muravit
423 3045 436 3116 ε
473 3016 558 3088 Τότε
588 3025 650 3110 μὲν
681 3010 745 3089 οὗν
775 3016 1154 3108 ἀπολογησάμενον...
1175 3016 1307 3107 λόγος

265 3126 348 3210 ἔχει
380 3126 582 3193 στείλασθαι
615 3119 676 3190 τὸν
708 3112 907 3190 ἀπόστολον.
980 3119 1042 3190 Cui
1074 3117 1161 3215 λόγῳ
1198 3126 1305 3210 quum

264 3217 368 3290 fidem
398 3218 559 3299 haberet,
603 3239 672 3292 non
711 3217 835 3291 mirum
866 3229 938 3301 est,
975 3219 1069 3313 quod
1100 3221 1196 3290 locos
1211 3246 1213 3249 ¹
1228 3220 1306 3290 illos

264 3319 432 3413 epistolae
461 3319 507 3391 ad
539 3319 754 3392 Timotheum
785 3320 887 3392 datae
913 3321 949 3390 in
975 3344 1076 3393 suum
1101 3341 1202 3391 usum
1228 3341 1306 3390 ver·

264 3431 339 3492 tere
362 3423 501 3494 studuit.
555 3422 625 3492 Sed
652 3421 838 3512 requiritur
863 3422 1053 3514 indagatio,
1082 3441 1231 3513 quanam
1247 3441 1306 3490 au·

264 3524 422 3594 ctoritate
454 3544 513 3594 res
545 3524 708 3606 valuerit,
769 3521 797 3592 E
827 3533 985 3596 veterum
1019 3523 1117 3593 libris
1147 3522 1306 3594 hausisse

265 3623 472 3706 Eusebium,
495 3623 608 3717 'plene
640 3624 838 3714 negandum
869 3634 943 3710 est,
975 3625 1112 3717 quoties
1138 3625 1232 3695 enim
1258 3633 1323 3696 tes

265 3720 370 3795 stium
404 3725 692 3818 proferendornm
730 3726 925 3796 facultatem
962 3726 1082 3806 habet,
1117 3745 1307 3818 numquam

264 3825 403 3898 omissis
427 3826 635 3898 ‘nominibus
665 3825 784 3919 phrasi
807 3826 908 3918 λόγος
927 3839 990 3919 ἔχει
1010 3828 1118 3898 utitur
1135 3823 1181 3921 ²).
1240 3827 1307 3897 llu-

335 4045 370 4140 lt
393 4079 432 4131 Cf.
451 4073 577 4143 aureolo,
602 4074 722 4146 Ehtorrul.
740 4093 766 4146 p.
785 4078 837 4132 474
854 4076 880 4143 ff.

333 4145 358 4210 l)
393 4147 501 4200 Eusebil
519 4148 623 4200 silentio
641 4149 753 4201 refutari
774 4161 832 4210 eos,
852 4148 899 4213 qui
919 4148 1078 4199 Clementem
1097 4150 1172 4200 llom.
1190 4146 1305 4213 duplicis
1379 4136 1388 4144 ’

264 4219 338 4270 Pauli
355 4217 513 4286 captivitatis
531 4222 624 4271 testem
645 4218 853 4283 autumantium
870 4219 1025 4270 monuimus
1043 4231 1067 4283 p.
1085 4217 1110 4268 9.
