2917 4875
696 308 909 375 ..ης-

244 532 251 543 =
281 485 344 571 τάς
378 484 643 569 ἐκκλησιαστικάς
678 491 831 578 ἱστορίας
867 480 1033 615 ἀριδήλμς
1066 481 1321 573 άναταξαμίτοις
1413 561 1414 572 η

283 584 423 665 κατόπιν
446 586 612 677 ἑπόμενοι,
639 585 681 667 τὰ
696 588 846 673 έξης
802 616 863 675 της
887 594 1038 677 ἱστορίας
1057 590 1129 680 θεῷ
1153 582 1322 679 θαρροῦν·

282 718 335 772 τις
360 685 597 777 ἐκθησόμενοι,
630 697 687 759 καὶ
713 688 754 773 δὴ
780 695 826 783 τῷ
851 690 985 782 θείῳ
970 683 1125 775 επόμενοι
1154 683 1320 776 πνεύματι,

282 801 354 872 τοῖς
381 791 496 886 ἐφεξῆς
527 786 764 877 ἐπιβάλλομεν.
790 787 867 859 τότε
892 797 954 877 μέν
978 779 1040 860 οὖν
1064 784 1149 879 πρὸς
1171 792 1322 879 Νέρωνος
1414 777 1416 800 '

283 887 486 1023 ιἰῳεθεὶς,ῐ
469 918 488 958 ο
515 887 749 972 ἀπόστολος’
733 897 785 959 επὶ
810 889 872 976 τὴν
896 894 957 959 τοῦ
981 888 1203 1009 κηρύγματος
1218 892 1321 957 διακο·

285 1000 362 1065 νίαν
386 983 494 1071 αὖθις
515 995 701 1062 ἐστέλλετο.
740 988 894 1082 δεύτερον
918 995 954 1059 δέ
975 986 1137 1078 ἐπιβάντα
1164 996 1218 1085 τῆ
1224 991 1322 1059 αὐτοῦ
1416 1071 1418 1088 ι

284 1090 392 1172 πόλει,
419 1095 467 1185 τῷ
482 1096 653 1184 μαρτυρίῳ
673 1096 900 1177 θελειιοθῆναι
916 1086 1017 1177 λόγος
1033 1099 1161 1185 κρατεῖ
1184 1097 1241 1161 καὶ
1261 1088 1323 1182 γάρ
1422 1105 1423 1110 ’

284 1185 327 1279 66
353 1191 439 1274 εἰκός
463 1196 525 1261 τοῦ
534 1199 690 1283 Νέρωνος
715 1188 923 1282 καταρχάς’
906 1188 1088 1283 ηπιώτερον
1114 1197 1323 1280 διακειμένου,

285 1292 369 1390 ῥᾶον
394 1292 456 1379 τὴν
479 1290 562 1384 ὑπὲρ
587 1295 650 1362 τοῦ
680 1290 848 1382 δόγματος
875 1295 1063 1382 ἀπολογίαν
1085 1289 1325 1382 προσὴκασθαι

286 1392 444 1465 Παύλου
479 1393 526 1475 εἰς
551 1399 586 1464 δὲ
572 1397 797 1483 ίάθεμίτους
828 1395 1037 1477 ἐξοκείλαντα
1065 1390 1212 1483 πράξεις,
1245 1390 1326 1481 μετὰ

285 1502 351 1615 166
383 1493 492 1565 ἄλλων
517 1502 585 1565 καί
602 1494 665 1577 τάς
690 1499 758 1565 τῶν
782 1492 979 1566 ἀποστόλων
1002 1496 1221 1583 ἐπιτολμῆσαι
1241 1521 1326 1589 σφα·

285 1594 382 1687 γάς
410 1593 487 1666 τότε
521 1602 582 1685 μὲν
616 1587 678 1667 οὗν
713 1593 907 1725 άῳειμενος,
944 1594 1006 1679 τὴν
1033 1592 1119 1687 πρὸς
1157 1591 1327 1683 Τιμόθεον

286 1694 420 1792 πρώτην
444 1694 567 1792 γράφει
594 1696 785 1784 ἐπιστολήν
815 1693 855 1768 όν
879 1700 1058 1767 ἐπίσκοπον
1079 1692 1158 1788 ’ίΕῳ
1160 1722 1221 1768 σου
1247 1692 1327 1787 πρό·

287 1826 384 1927 τερον
420 1803 635 1881 κατέστησεν·
673 1795 718 1880 ὡς
757 1801 791 1868 ἐν
813 1794 915 1893 τόπῳ
950 1795 1010 1867 τόν
1040 1794 1223 1891 ίεραργικὸν
1253 1799 1329 1884 βίον

287 1906 343 1969 καὶ
365 1895 510 1987 λόγον’
492 1901 679 1988 αναγκαίως
704 1896 887 1980 διεξιάυ·’
871 1894 993 1969 οποῖόν
1022 1925 1108 1969 τινα
1126 1901 1203 1986 βίον
1226 1895 1329 1992 χρεόν

288 2005 434 2089 μετιέναι
458 2026 530 2081 τοις
546 2026 633 2068 κατα
620 1997 797 2089 Χριστὸν
812 2004 984 2129 ἱερᾶσθαι
998 2003 1215 2088 βουλομένοις
1239 2004 1330 2067 καθ-

288 2098 555 2196 υπογράῳων
519 2102 567 2169 τιό
590 2096 770 2189 πνεύματι,
794 2109 851 2171 καὶ
878 2098 915 2171 δι’
946 2103 1067 2169 ἐκείνου
1101 2099 1226 2181 πάσαις
1256 2104 1330 2179 ταῖς

290 2204 442 2292 Χριστοῦ
474 2203 675 2283 ἐκκλησίαις.
710 2202 750 2269 οὐ
775 2199 867 2295 μόνῳ
892 2206 953 2271 δὲ
949 2205 1142 2292 Τιμοθέῳ,
1167 2199 1249 2268 ἀλλὰ
1274 2206 1332 2270 καὶ

290 2305 338 2395 τῳ
356 2306 437 2395 ’ἱερῷ
463 2308 550 2396 Τίτῳ
575 2298 678 2385 άλλην
702 2303 830 2371 ἔστελλε
855 2299 1013 2396 γράφων·
1038 2298 1077 2371 ὃν
1092 2296 1255 2393 πρότερον
1273 2306 1337 2385 τῆς

290 2400 395 2489 νήσου
423 2398 560 2496 Κρήτης
591 2398 807 2488 καταστήσας
835 2408 1015 2473 ἐπίσκοπον
1048 2404 1201 2495 διεηῆκεν
1222 2407 1332 2482 ἐκεῖσε,

291 2503 334 2573 τά
350 2501 437 2574 κατὰ
457 2502 496 2573 τὸ
512 2501 703 2591 εὐαγγέλιον
717 2500 824 2572 αὐτοῦ
836 2502 1052 2599 ὑστερήματα
1071 2500 1333 2596 άνορθώσοντα.

291 2613 347 2676 καί
379 2603 473 2702 πρὸς
498 2607 707 2698 Κορινθίους
737 2607 772 2672 δὲ
804 2613 861 2676 καὶ
890 2602 1065 2700 Ἐφεσίους
1072 2654 1080 2683 ,
1113 2601 1273 2687 Γαλάτας
1299 2632 1336 2673 τε

291 2713 348 2776 καὶ
364 2709 588 2786 Κολασσαεῖς·
615 2708 860 2788 Φιλιππησίους
875 2733 912 2775 τε
927 2714 982 2776 καὶ
1002 2708 1306 2787 Θεσσαλονικεῖς·”
1286 2734 1338 2774 ετι

293 2811 327 2875 δέ
353 2813 409 2875 καί
433 2804 517 2900 πρὸς
539 2802 729 2886 Ἰουδαίους
751 2814 808 2876 καὶ
829 2804 1033 2930 Ῥῳμαίους,
1059 2814 1114 2875 καὶ
1138 2803 1266 2888 πάντας
1281 2803 1334 2899 ἐφ’

293 2898 352 2988 οὖς
373 2904 475 2975 αὐτόν
497 2905 581 2995 μετά
606 2905 761 2995 σώματος
784 2905 804 2994 6
828 2911 891 2977 τοῦ
915 2905 1011 2995 άγίου
1028 2904 1216 2996 πνεύματος
1236 2903 1338 2977 δόνα-

292 3036 350 3098 μις
374 3013 430 3077 καὶ
453 3005 550 3100 χάρις
575 3011 728 3077 ἐπελθεῖν
748 3005 1004 3103 παρεσκεύασεν·
1033 3005 1092 3090 οάς
1117 3017 1173 3080 καὶ
1200 3007 1322 3078 διά
1276 3035 1339 3094 της

294 3112 340 3188 εἰς
367 3107 517 3201 Χριστόν
549 3115 689 3189 πίστεως
720 3111 769 3200 τῷ
798 3106 976 3203 εὐαγγελίῳ)
1013 3114 1172 3201 λαμπρῶς
1207 3106 1342 3198 άνεγέν-

293 3235 405 3292 νησεν,
432 3205 454 3274 6
479 3205 594 3299 παρών
617 3207 673 3276 διά
697 3205 867 3296 στόματος
901 3209 1112 3305 κατεῳώτιζε,
1146 3213 1255 3278 ταῦτα
1287 3203 1336 3275 δι’

294 3312 472 3378 ἐπιστολῶν
493 3314 742 3402 συντετμημένῳ
751 3306 897 3432 λόγῳ’
879 3307 1155 3428 νπομιμυήσκῳν.
1182 3307 1204 3376 6
1199 3305 1342 3376 δὲκαὶ

295 3406 339 3490 ὡς
362 3408 572 3501 μυστηριώδη
600 3437 636 3478 τε
659 3417 715 3480 καὶ
741 3407 901 3502 άνέῳικτα
927 3410 1037 3479 ἐδίδου
1062 3414 1103 3505 τῆ
1127 3413 1232 3505 σιωπῆ
1254 3403 1344 3502 πρό

294 3535 427 3601 τερον,
444 3506 586 3602 ὕστερον
621 3507 675 3578 διά
709 3512 776 3578 τῶν
802 3512 910 3599 ἱερῶν
922 3507 1030 3580 αὐτοῦ
1054 3505 1341 3632 γραμμάτῳν,η

294 3614 423 3728 τελείῳς
437 3615 588 3700 μειζονος
604 3607 718 3700 λόγοις
732 3615 925 3700 θεοσοφίας
939 3606 1230 3703 άνεκάθαιρεν,’
1214 3639 1236 3694 η
1230 3605 1346 3678 ὁλο-

141 3697 149 3710 ’
210 3731 214 3738 ·
295 3713 418 3804 σχερῶς
444 3708 489 3795 ὦς
511 3708 553 3780 άν
574 3735 624 3793 τις
650 3715 737 3780 εἴποι
762 3715 797 3779 ἐν
818 3713 894 3780 εἴδει
909 3707 1140 3804 παραβολης’
1122 3717 1346 3794 υπηνέσσετο.

294 3809 381 3900 μήτε
412 3811 466 3882 διά
500 3808 579 3894 τοὺς
600 3808 741 3895 ἀξίως
721 3810 854 3881 ακοόειν
875 3817 1058 3898 μέλλοντας
1082 3810 1125 3880 τά
1148 3808 1274 3880 θεῑα’
1256 3837 1347 3879 υπο-

296 3910 539 4005 κρυπτόμενος·
565 3909 649 4004 μήτε
667 3910 721 3982 διά
738 3910 818 3993 τούς
830 3909 984 3994 ἀναξίους
996 3915 1104 3980 ταῦτα
1118 3915 1214 4005 σαφῆ
1230 3907 1348 3993 πάντη

297 4019 353 4084 καὶ
379 4009 557 4106 πρόχειρα,
582 4013 638 4086 ι’να
662 4011 708 4103 μὴ
737 4020 990 4108 περιφρονοῖτο,
1026 4009 1251 4104 παραδιδούς.
1279 4002 1350 4080 66-

298 4119 361 4197 θις
378 4123 508 4197 τοίνυν,
536 4113 580 4198 ὡς
595 4120 740 4209 εἴρηται,
763 4113 847 4234 μετὰ
874 4113 936 4199 τὴν
961 4111 1087 4198 πολλὴν
1111 4117 1307 4206 περίοδον
1289 4120 1351 4182 επὶ

296 4212 429 4305 Ῥώμην
457 4219 636 4301 ἐληλακὼς,
673 4222 718 4309 τῷ
754 4211 837 4310 ὑπὲρ
871 4215 1024 4310 Χριστοῦ
1055 4219 1139 4284 τέλει
1164 4211 1349 4307 ἐχρήσατο.
