2917 4875
594 324 806 387 ...ορ-

176 488 231 559 ὅτι
258 490 298 575 dn
325 501 391 563 καὶ
406 500 578 584 ὃεσμοῐς’
564 494 732 586 εχὸμευος,
760 494 821 579 τὴν
843 496 927 588 πρὸς
953 496 1125 586 Τιμόθεον
1146 505 1217 569 δευ-

138 592 143 605 ’
174 596 275 681 τέραν
300 591 473 665 συντάττιι
499 594 693 682 ἐπιστολήν
717 600 755 665 ἐν
774 587 797 692 ᾗ
823 592 885 681 τήν
911 624 946 666 τε
970 608 1136 691 προτέραν
1158 597 1217 669 αὑ-

174 692 236 761 τοῦ
262 692 487 823 duoloyiau'
472 706 641 792 εμῳαίυει,
675 703 733 766 καὶ
758 697 821 781 τήν
844 696 938 789 παρὰ
956 696 1065 780 πόδας
1090 706 1217 777 τελείοι-

174 820 247 865 σιυ.
275 800 308 864 ἐν
333 800 374 892 τῇ
400 798 511 895 πρώτῃ
537 796 602 888 γάρ
618 825 698 886 μου,
717 804 844 893 φησὶν,
869 794 1078 891 ἆπολογίρκ.
1092 828 1122 869 τ
1135 806 1167 871 λ
1183 798 1217 885 ¹)

176 946 310 965 .......
358 902 426 967 Καὶ
451 905 557 969 ταῦτα
584 897 788 986 διήλθομεν,
808 899 919 979 ’δαΐξαι
940 896 1144 988 πειρώμενοι,
1169 900 1218 987 μὴ
1322 895 1325 899 ’

174 994 213 1064 τὸ
239 997 423 1092 μαρτύριον
448 1005 494 1091 τῷ
521 999 645 1093 Παύλῳ
673 1003 837 1086 γενέσθαι
857 996 942 1067 καθ’
972 997 1054 1083 ἢυὸ
1080 1004 1218 1081 Λουκᾶς

174 1100 355 1184 ἐπιδημίαν
373 1106 431 1169 τοῦ
458 1097 599 1169 Παύλου
624 1106 675 1169 ἐπὶ
700 1095 832 1187 Ῥώμης
859 1095 1058 1192 ἀνέγραψεν,
1071 1097 1155 1169 ’ἀλλ’
1184 1106 1217 1181 ἐς

81 1222 85 1231 “
173 1192 333 1289 ὕστερον.
364 1206 476 1271 πᾶσαν
509 1198 573 1294 γὰρ
600 1198 717 1290 σχεδὸν
748 1198 810 1284 τὴν
834 1202 898 1287 γῆν
920 1198 1066 1269 διελθὼν
1085 1208 1143 1269 καὶ
1164 1206 1217 1270 ε’πὶ

172 1307 266 1368 πέντε
299 1308 356 1369 καὶ
384 1300 562 1394 τριάκοντα
592 1300 674 1392 ὑπὲρ
700 1305 851 1392 Χριστοῦ
875 1304 922 1392 τῷ
940 1297 1117 1394 εὐαγγελίῳ
1145 1307 1216 1370 ιλια-

172 1396 321 1483 θλευσοις
340 1407 517 1483 ’ἐνιαυτοΐς,
551 1408 739 1471 τελευταῖον
764 1405 817 1470 ε’πὶ
840 1398 972 1489 Ῥώμης
999 1400 1036 1470 τὸ
1065 1398 1217 1527 δεύτερον

171 1501 328 1620 yayorai93
362 1511 418 1572 καὶ
449 1506 496 1573 τῶ
525 1510 708 1621 κορυφαίῳ
724 1506 789 1570 τῶν
809 1498 1005 1571 ἀποστόλων
1025 1507 1183 1595 Πέτρρ’
1167 1530 1217 1571 ευ·

172 1601 370 1692 τιτυχηκώς,
407 1608 473 1672 ἐκεῖ
495 1600 628 1693 συνάμα
650 1599 759 1695 τούτῳ
776 1599 836 1670 τὸν
851 1607 911 1687 τῆς
927 1598 1161 1696 ἀφθαρσίας
1142 1630 1215 1676 ανε-
1278 1614 1284 1622 ’

172 1697 301 1788 deiecto
327 1707 504 1819 στέφανον.

505 1935 875 1947 mmm

393 2038 395 2043 '
501 2052 883 2119 ninnonmuus.

425 2158 485 2223 Dc
519 2160 629 2251 viris
662 2161 828 2227 illustr.
861 2184 890 2226 c.
923 2158 967 2223 V.

339 2270 397 2332 (Ed.
416 2271 527 2323 Vallars.
556 2274 654 2324 Veron.
675 2272 751 2325 1734.
775 2275 802 2323 T.
811 2274 841 2323 11.
860 2287 886 2336 p.
898 2266 957 2322 822.
976 2268 1044 2330 823).

246 2388 371 2460 Paulus
397 2390 592 2480 apostolus,
619 2392 679 2482 qui
705 2402 786 2462 ante
812 2393 951 2470 Saulus,
979 2398 1077 2459 extra
1094 2410 1213 2460 nume·
1305 2452 1308 2460 .

171 2512 247 2560 rum
273 2490 459 2561 duodecim
485 2492 737 2582 apostolorum,
773 2493 818 2564 de
852 2492 944 2564 tribu
970 2489 1148 2578 Benjamin
1179 2499 1215 2559 et

170 2591 297 2684 oppido
323 2590 474 2661 Judaeae
490 2591 634 2663 Giscalis
661 2594 742 2674 fuit,
769 2615 839 2685 quo
865 2614 886 2662 a
912 2589 1074 2662 Romanis
1101 2598 1217 2682 capto,
1304 2602 1312 2623 ²

170 2714 249 2762 cum
282 2691 481 2784 parentibus
514 2693 586 2763 suis
618 2694 761 2764 Tarsum
794 2694 946 2786 Ciliciae¹
962 2689 1212 2780 commigravit,

170 2814 190 2862 a
222 2793 347 2883 quibus
379 2792 425 2863 ob
458 2792 570 2874 studia
603 2794 690 2884 legis
726 2793 1152 2884 missus-lerosolymam,
1192 2810 1214 2858 a

170 2893 360 2964 Gamaliele
392 2894 468 2962 viro
499 2893 722 2975 doctissimo,
760 2896 859 2985 cujus
897 2896 1007 2964 Lucas
1046 2891 1210 2970 meminit,

171 2993 326 3065 eruditus
359 3001 422 3063 est.
482 2994 597 3076 Quum
626 3003 742 3064 autem
776 2995 989 3065 interfuisset
1020 2994 1098 3062 neci
1123 3012 1212 3062 mar-

171 3096 256 3188 tyris
287 3093 466 3186 Stephani,
493 3103 528 3166 et
554 3096 706 3189 acceptis
728 3117 749 3165 a
775 3093 926 3210 pontifici
953 3093 1070 3186 templi
1086 3095 1212 3186 episto·

170 3197 212 3265 lis
248 3196 292 3266 ad
324 3196 587 3300 persequendos
621 3219 701 3276 eos,
737 3197 796 3289 qui
823 3195 956 3268 Christo
983 3193 1211 3271 crediderant,

171 3298 378 3368 Damascum
394 3306 566 3388 pergeret,
594 3299 808 3367 revelatione
819 3296 1021 3409 compulsus
1036 3294 1081 3365 ad
1094 3291 1211 3371 fidem,

171 3419 261 3488 quae
289 3397 323 3465 in
350 3396 484 3467 actibus
511 3398 745 3490 apostolorum
772 3397 990 3480 scribitur,
982 3419 1016 3465 in
1045 3417 1110 3465 vas
1143 3397 1212 3466 ele·

173 3497 296 3568 ctionis
312 3496 357 3566 de
372 3508 599 3588 persecutore
618 3501 803 3570 translatus
821 3507 886 3568 est.
939 3497 1121 3587 Quumque
1145 3496 1212 3589 pri-

172 3620 267 3668 mum
299 3596 343 3668 ad
377 3598 668 3690 praedicationem
703 3600 778 3689 ejus
812 3599 951 3690 Sergius
979 3597 1102 3666 Paulus
1134 3617 1213 3690 pro·

172 3701 292 3770 consul
316 3698 418 3791 Cypri
439 3699 663 3781 credidisset,
691 3700 736 3768 ab
769 3722 829 3779 eo,
862 3699 956 3790 quod
983 3720 1063 3768 eum
1090 3695 1212 3768 Christi

172 3797 253 3870 fidei
280 3801 475 3889 subegerat,
509 3800 649 3871 sortitus
677 3809 730 3870 est
756 3821 883 3870 nomen
909 3800 1050 3877 Paulus,
1077 3807 1112 3868 et
1134 3798 1211 3888 jun·

172 3909 227 3971 cto
256 3901 324 3972 sibi
349 3900 524 3981 Barnaba,
551 3901 666 3973 multis
690 3900 835 3973 urbibus
861 3899 1067 3994 peragratis,
1095 3920 1211 3970 rever·
1245 3918 1250 3922 “

228 4111 246 4173 Ι)
275 4117 304 4165 ln
324 4115 504 4180 sequentibus
523 4117 617 4168 cadem
638 4131 669 4170 cr
688 4131 731 4183 ep.
751 4119 782 4169 ΙΙ.
800 4116 835 4167 ad
852 4115 917 4166 Tim.
929 4119 1086 4178 argumenta
1100 4115 1210 4179 profert,

173 4184 275 4249 quibus
295 4184 432 4236 Eusebius
453 4198 522 4236 usus
542 4188 592 4236 est.

965 4273 980 4322 ’ί
