2917 4875
654 260 868 335 ..12-

243 440 360 514 uicum
387 442 465 535 quis
497 444 594 515 locus
619 444 734 514 Lucae
758 443 966 515 referendus
991 444 1055 525 sit,
1093 464 1165 515 non
1188 444 1283 516 dicit

243 544 314 615 Sed
349 545 505 637 protecto
536 544 603 615 hoc
637 544 891 615 enucleandum
922 556 1017 624 erat,
1055 546 1087 615 si
1123 546 1286 637 sperabat

243 666 453 735 quemquam
484 647 725 739 amplexurum
751 667 832 715 esse
854 647 1037 717 lectionem
1061 648 1282 739 propositam.

243 746 374 839 Nempe
397 768 504 837 quum
534 748 627 840 apud
653 748 782 816 Lucam
807 748 864 816 vel
890 748 926 815 in
952 748 1142 837 Evangelio
1165 750 1223 818 vel
1249 750 1285 819 in

243 846 338 917 Actis
363 864 438 917 non·
460 848 566 919 modo
589 848 812 941 Hispanicum
839 848 924 929 iter,
952 848 1017 920 sed
1042 870 1088 918 ue
1111 868 1185 918 vox
1209 851 1285 940 qui-

243 947 325 1020 dem
349 949 533 1041 Hispaniae
557 948 855 1043 deprehendatur,
889 950 968 1040 quis
995 970 1066 1019 non
1094 960 1236 1040 quaerat
1262 972 1284 1021 e

242 1049 538 1131 Zimmermanno,
566 1050 743 1141 quomodo
764 1052 892 1121 Lucam
908 1051 1110 1121 reconciliet
1130 1073 1210 1121 cum
1227 1073 1283 1131 eo,

242 1151 338 1242 quod
363 1150 408 1221 de
434 1149 525 1222 Luca
550 1152 786 1245 praedicatum
811 1162 892 1223 esse
917 1151 1121 1223 conanditt
1170 1151 1285 1234 Qum
1347 1192 1358 1203 -

242 1273 448 1345 responsum
487 1274 558 1322 uon
591 1252 744 1334 dederit,
787 1273 875 1346 opus
910 1253 1190 1345 semiperfectum
1224 1264 1285 1323 aut

243 1354 357 1447 potius
384 1354 548 1424 infectum
573 1354 732 1444 reliquit:
770 1354 967 1442 conjectura
999 1374 1062 1424 sua
1095 1353 1179 1423 dum
1201 1372 1284 1424 con-

243 1454 441 1523 cinnitatem
465 1455 654 1525 verborum
681 1454 863 1525 restituere
891 1454 1025 1534 studet,
1053 1476 1195 1525 sensum
1220 1477 1284 1525 no-

243 1554 298 1624 vis
314 1564 349 1623 et
364 1556 552 1644 maJoribus
569 1555 828 1627 difficultatibus
842 1556 1018 1648 implicuit.
1033 1600 1086 1609 -
1123 1557 1284 1628 Ceterum

199 1694 211 1715 ·
244 1656 334 1725 sicut
359 1655 424 1727 hac
446 1658 480 1727 iu
508 1680 547 1729 re
572 1678 693 1751 parum
719 1666 819 1738 caute
844 1665 1003 1728 versatus
1027 1666 1098 1737 est,
1124 1658 1172 1727 ita
1187 1658 1285 1747 quod

242 1755 289 1825 de
312 1755 402 1845 Petri
424 1759 586 1851 passione
612 1757 819 1851 disputavit,
855 1759 975 1829 nescio
1006 1779 1051 1827 an
1076 1759 1111 1827 iu
1138 1758 1285 1828 dubium

242 1858 438 1928 vocandum
474 1859 528 1928 sit.
591 1860 684 1929 Duas
711 1880 792 1929 esse
823 1879 968 1937 causas,
1003 1879 1094 1950 quae
1119 1860 1285 1929 Zimmer-

243 1978 370 2029 manno
397 1960 631 2049 refragentur,
664 1960 877 2029 Wiesclerus
900 1959 1159 2030 demonstravit
1211 1961 1284 2031 Sci-

243 2058 323 2129 licet
339 2081 429 2150 quae
441 2060 516 2131 Act.
537 2082 612 2155 cap.
632 2060 671 2128 V.
690 2071 725 2130 et
742 2062 814 2129 ΧΠ.
831 2060 932 2131 Petro
948 2061 1119 2131 accidisse
1144 2062 1284 2131 tradun-

244 2168 316 2239 tur,
343 2161 406 2229 uix
438 2162 516 2230 talia
548 2164 704 2241 luerunt,
736 2170 777 2229 ut
800 2162 972 2253 passionis
993 2162 1165 2232 vocabulo
1190 2162 1284 2233 deai-

198 2302 202 2307 -
242 2260 379 2349 gnanda
404 2272 537 2331 essent:
576 2284 655 2333 nam
681 2282 789 2351 quum
814 2264 851 2331 in
872 2262 973 2331 lineis
997 2263 1285 2334 antecedentibus

244 2382 339 2432 mors
365 2359 489 2433 Christi
511 2365 627 2456 passio
651 2362 824 2434 dominica
849 2363 1060 2457 appelletur,
1093 2366 1196 2435 etiam
1221 2385 1284 2434 no-

244 2472 317 2533 stro
339 2465 418 2535 loco
439 2465 629 2536 verisimile
655 2475 709 2535 est
734 2487 861 2535 vocem
892 2464 939 2534 de
968 2467 1087 2536 ultimo
1112 2467 1283 2558 supplicio

243 2574 442 2658 usurpatam
479 2587 568 2636 esse.
646 2564 781 2634 Deinde
814 2587 860 2635 ue
895 2567 1092 2658 passionem
1126 2567 1218 2636 Petri
1247 2568 1283 2636 in

243 2664 339 2735 Actis
370 2687 596 2756 quaeramus,
627 2687 669 2736 ea
699 2665 746 2735 dc
778 2685 884 2735 causa
909 2664 1085 2757 prohiberi
1109 2667 1282 2747 videmur,

115 2805 116 2808 π
243 2766 338 2856 quod
363 2766 473 2838 Lucas
496 2787 575 2836 eam
601 2775 771 2837 semote
795 2765 993 2836 declarasse
1017 2765 1153 2836 dicitur.
1205 2767 1282 2849 Quo

243 2865 327 2959 quid
357 2868 529 2948 innuitur,
562 2867 629 2938 uisi
654 2889 729 2938 rem
754 2888 826 2937 non
853 2867 889 2936 in
915 2865 1032 2947 Actis,
1063 2867 1129 2938 sed
1151 2869 1188 2938 in
1213 2871 1283 2940 alio

243 2968 332 3037 libro
359 2971 472 3039 Lucae
497 2980 669 3039 narratam
694 2969 803 3040 esse‘l

318 3069 429 3140 Aliam
460 3070 667 3140 medicinam
699 3068 857 3140 adhibuit
886 3068 1094 3140 Crednems.
1153 3070 1219 3152 Qui
1244 3080 1283 3140 ut

161 3255 165 3258 ,
242 3169 516 3240 Zimmermanno
543 3171 578 3238 in
602 3190 647 3239 eo
673 3191 712 3239 se
737 3169 904 3261 applicat,
936 3169 1033 3258 quod
1056 3178 1093 3238 et
1116 3171 1193 3261 ipse
1218 3192 1282 3262 pro

242 3273 319 3342 sed
352 3269 573 3342 scribendum
605 3279 726 3340 censet
756 3278 816 3348 et,
861 3268 910 3337 ita
940 3269 1043 3339 novis
1073 3270 1282 3358 conjecturis

242 3393 317 3440 rem
347 3371 447 3465 plane
481 3372 549 3440 alic
581 3371 694 3442 vertit
747 3369 903 3440 Genuina
932 3369 1037 3460 igitur
1068 3370 1178 3440 verba
1203 3372 1282 3442 viro

242 3472 345 3543 docto
378 3474 426 3542 ita
457 3492 602 3543 sonasse
632 3471 814 3542 videntur:
848 3472 983 3550 „Lucas
1011 3472 1141 3566 optimo
1171 3470 1282 3543 Theo·

244 3573 360 3668 „philo
378 3571 656 3667 comprehendit,
684 3593 775 3663 quae
800 3571 866 3642 sub
891 3573 1084 3666 praeseutia
1110 3574 1186 3662 ejus
1211 3575 1282 3643 sin·

243 3677 345 3764 „gula
371 3673 598 3764 gerebantur,
628 3676 715 3745 sicut
739 3683 775 3744 et
802 3683 963 3744 semota
979 3672 1281 3768 passionemPetri

243 3773 448 3855 „evidenter
473 3775 672 3847 declarant
696 3785 739 3846 et
754 3776 1004 3868 profectionem
1021 3775 1115 3845 Pauli
1131 3776 1177 3845 ab
1195 3775 1281 3845 urbe

244 3877 311 3956 „ad
338 3877 498 3970 Spaniam
520 3875 808 3970 proficiscentis.“
823 3917 874 3927 -
899 3877 1081 3967 Ingeniosa
1100 3897 1185 3948 sane
1204 3897 1281 3970 par-

240 4055 287 4095 σας
309 4040 388 4090 lom
411 4037 445 4095 εἷς
468 4037 695 4106 φυλακὴν......
720 4038 876 4102 βουλόμενος
892 4035 960 4099 μετὰ
976 4037 1011 4092 τὸ
1027 4037 1122 4102 mim
1137 4036 1282 4102 duma&

239 4105 321 4160 αὐτὸν
342 4113 379 4174 τᾷ
403 4110 465 4174 λαῷ.
511 4111 661 4172 (Versibus
686 4111 867 4174 sequentibus
891 4114 1029 4174 narratur,
1056 4113 1163 4162 Petrum
1192 4109 1281 4175 angah'

240 4179 337 4231 auxilio
355 4193 370 4230 e
389 4181 516 4233 custodia
533 4181 675 4232 liberatum
693 4180 777 4241 esse).
