2917 4875
672 298 884 361 ..32ss

254 472 299 544 de
321 468 469 541 Neronis
495 469 659 561 pincerna
684 477 718 541 et
745 470 886 561 pellice,
914 469 1077 542 historiae
1102 470 1196 540 Pauli
1212 472 1299 542 sub-

255 592 366 643 nexas
391 570 491 643 esse!
536 568 761 661 Quamquam
788 571 866 641 talia
892 593 962 643 non
986 573 1033 642 ab
1056 572 1229 643 universis
1243 574 1299 642 vi-

254 675 379 745 dentur
408 671 538 742 credita
571 692 661 741 esse.
728 671 836 741 humo
870 693 916 742 ne
946 673 1121 765 hispanici
1152 673 1300 764 quidem

256 774 405 853 itineriS,
432 773 526 863 qued
542 762 672 842 temere
691 771 908 852 tradebatur,
936 775 1102 845 memoria
1122 774 1166 843 ab
1183 776 1298 844 omni-

255 878 322 975 bus
348 883 534 968 propagata
560 881 633 952 est,
662 873 722 963 qui
758 883 878 966 postea
910 872 1087 945 historiam
1118 874 1212 945 Pauli
1245 885 1298 947 te-

256 980 424 1067 tigerunt‚
458 996 565 1064 quum
597 974 753 1066 plerique
778 976 878 1089 plane
905 976 1056 1046 Eusebio
1085 999 1124 1047 se
1149 976 1298 1052 addixe-

256 1080 333 1149 rint.
393 1075 523 1145 Horum
558 1096 751 1145 enumero
776 1075 991 1168 potissimum
1014 1078 1111 1167 juvat
1136 1076 1298 1147 Eutha·
1366 1075 1372 1083 ’
1448 1065 1449 1074 ¹

256 1180 356 1249 lium
391 1175 530 1256 audire,
575 1178 654 1267 qui,
699 1175 783 1246 dum
818 1176 1012 1247 Eusebiana
1046 1178 1168 1271 placita
1205 1180 1298 1249 tueri
1332 1216 1335 1222 =

256 1280 426 1352 enixet
395 1277 529 1357 st,udet
567 1278 753 1348 etiamtunc
787 1298 808 1345 a
838 1278 1046 1386 quibusdam
1080 1279 1186 1349 vitam
1212 1300 1297 1373 apo-

255 1380 334 1453 stoli
359 1380 446 1448 intra
473 1400 578 1449 veros
603 1378 691 1450 fines
717 1371 919 1450 coercitam
924 1402 1004 1450 esse
1029 1378 1121 1450 haud
1143 1380 1296 1451 obscure

255 1480 376 1553 innuit.
435 1478 563 1550 Eorum
594 1480 765 1551 sententia
798 1501 842 1550 ne
874 1482 987 1573 ipsum
1019 1481 1160 1572 quidem
1192 1482 1297 1574 plane

256 1585 419 1653 intactum
446 1582 573 1661 fuisse,
609 1602 630 1651 e
657 1581 742 1650 locis
768 1580 974 1672 quibusdam
998 1582 1075 1651 libri
1097 1582 1151 1652 sui
1175 1602 1297 1675 parurn

256 1686 345 1754 inter
371 1704 410 1753 se
443 1682 605 1771 congruis
632 1682 771 1753 elucere
797 1683 935 1753 videtur
953 1679 995 1775 ¹).
1049 1683 1117 1753 Sed
1143 1683 1295 1775 dicepta·

256 1783 407 1855 tionibus
438 1780 692 1871 chronologicis
725 1792 759 1852 et
787 1783 913 1854 criticis
936 1785 1092 1876 protecto
1119 1785 1148 1855 is
1174 1785 1295 1865 fauere

255 1885 314 1955 vix
354 1892 522 1977 poterat,
546 1884 606 1976 qui
642 1885 745 1954 etiam
781 1883 893 1954 diem
934 1886 1104 1954 fatalem
1127 1884 1295 1979 apostoli

255 1987 347 2056 bene
383 2006 422 2055 se
460 1985 677 2078 exploratum
708 1983 839 2056 habere
876 1994 1021 2079 putaret.
1096 1972 1168 2055 Nec
1198 1996 1294 2056 certe

256 2086 365 2177 magis
398 2085 524 2157 talibus
557 2083 680 2156 studiis
713 2095 772 2155 aut
801 2088 960 2174 faverunt
992 2096 1050 2156 aut
1085 2108 1187 2181 pares
1220 2088 1294 2156 fue-

256 2195 351 2268 runt,
379 2208 467 2277 quos
495 2186 744 2299 subsequentia
771 2167 910 2257 saec'ula
936 2209 1170 2280 progenuere,
1200 2208 1293 2257 com-

255 2288 416 2382 pilatores
447 2296 481 2358 et
507 2286 722 2379 superiorum
756 2288 965 2379 pedissequi.
1025 2288 1120 2370 Quos
1154 2298 1191 2357 ut
1224 2288 1294 2357 sin-

254 2388 394 2478 gulatim
420 2408 610 2483 provocare
643 2387 778 2471 taedet,
810 2390 856 2459 ita
889 2408 1002 2459 novae
1036 2390 1215 2480 cujusdam
1247 2388 1292 2459 de

254 2490 478 2584 epistolarum
511 2489 605 2560 Pauli
641 2499 753 2560 aetate
784 2491 972 2583 opinionis,
1011 2511 1101 2582 quae
1141 2499 1293 2561 exeunte

255 2591 390 2665 decimo
417 2591 556 2662 saeculo
583 2591 736 2685 irrepsit,
771 2613 877 2660 unum
903 2592 1024 2662 saltem
1050 2601 1174 2662 testem
1197 2589 1294 2661 adhi-

146 2763 148 2768 ,
253 2693 356 2771 here,
385 2713 404 2762 e
432 2714 469 2763 re
495 2692 609 2764 visum
628 2701 691 2762 est.
745 2690 1038 2786 Nicephorum
1064 2694 1165 2782 igitur
1187 2693 1292 2761 Grae-

254 2815 374 2864 corum
395 2792 523 2884 agmini
549 2791 803 2880 subjunximus.
886 2856 890 2860 s

328 2893 465 2964 Latinos
487 2915 533 2963 ne
558 2895 785 2986 praeterirent
808 2894 933 2988 placita
960 2916 1022 2988 per
1044 2857 1221 2965 Orientem
1241 2878 1293 2964 di-

254 2996 410 3086 vulgata,
450 3005 671 3090 praecautum
704 3005 757 3067 est
788 2995 832 3064 ab
866 2995 1084 3067 Eusehiit
1034 3019 1068 3065 m
1070 2998 1292 3090 terpretibus,
1351 3002 1355 3007 ’

254 3097 415 3167 Rufino
442 3107 477 3166 et
502 3095 772 3190 Hieronymo.
826 3097 894 3167 Sed
920 3095 1108 3191 parumhis
1126 3118 1293 3176 consona,

254 3218 344 3290 quae
367 3198 458 3290 apud
484 3196 645 3287 aequales
672 3199 841 3289 leguntur.
903 3199 1023 3290 Neque
1057 3198 1149 3267 enim
1186 3199 1293 3268 Oro-

254 3299 345 3369 sius
370 3319 484 3389 neque
512 3298 729 3391 Sulpicius
757 3301 965 3380 Severus,
997 3300 1167 3391 hispanus
1193 3298 1292 3380 alter,

254 3400 340 3469 alter
372 3397 507 3480 Gallus,
541 3399 713 3494 Hispanici
739 3400 835 3472 Pauli
861 3401 992 3471 itineris
1019 3399 1121 3470 ullam
1145 3400 1293 3470 mentio·

254 3522 335 3570 nem
366 3500 539 3590 injiciuut3
572 3523 675 3591 quem
700 3510 738 3570 ut
763 3510 909 3596 uterque
935 3523 1027 3572 anno
1056 3500 1114 3572 ol.
1144 3502 1309 3573 subinde*

254 3612 333 3694 post
366 3601 564 3679 incendium
590 3601 691 3672 Urbis
718 3601 864 3694 periisse
890 3614 1074 3681 memorat,
1108 3603 1155 3670 ita
1181 3603 1293 3695 Sulpi-

255 3703 328 3772 cius
355 3703 461 3773 Roma
488 3703 627 3773 omniuo
654 3723 725 3774 uon
748 3725 929 3794 egressum
950 3725 1028 3776 esse
1047 3702 1159 3779 docet.
1192 3704 1296 3787 Quod

255 3802 428 3875 ldacius
446 3799 480 3900 ²)
512 3803 649 3875 Petrum
682 3813 715 3874 et
749 3803 889 3876 Paulum
921 3826 1011 3877 auno
1045 3803 1103 3875 58.
1131 3805 1296 3878 interem-

255 3943 440 3957 *nn—*nu-

326 3993 347 4056 l)
383 3997 495 4046 Paulum
514 3995 585 4049 enim
605 3997 656 4046 alio
675 3999 737 4048 loco
756 4000 822 4064 post
833 3999 976 4048 Romanam
991 3997 1179 4049 detonsionem
1198 3998 1295 4050 decem

256 4077 343 4118 annos
363 4063 488 4116 libertate
505 4066 624 4117 fructum
644 4079 707 4118 esse
725 4070 870 4128 memorat,
890 4066 941 4116 alto
959 4067 1083 4118 Urbem
1074 4077 1231 4129 lngressum
1250 4087 1295 4126 pt

254 4128 833 4270 ”ewldah'ddbvgdsdreiddssdsosdsdldffltex
860 4217 915 4269 quo
941 4204 1058 4269 primum
1083 4202 1199 4254 ordinati
1222 4209 1296 4256 sunl.
