2917 4875
599 816 945 889 mmmm!

461 926 611 1021 Epistola
641 928 683 997 τιΙ
716 928 944 997 Βτεοοοίίοοι.
1001 927 1031 1009 ἓ.
1055 927 1087 991 4.

531 1043 588 1107 (οε.
606 1044 704 1099 οσον.
725 1042 800 1101 ισοο.
820 1044 876 1093 τι.
895 1038 1002 1109 ροσε.)
1121 1040 1125 1045 ·

329 1206 425 1301 Τίνα
450 1238 511 1319 μὲν
534 1231 718 1321 μιμεῖσθαί
742 1256 780 1298 οε
805 1234 968 1301 θέλουσιν
990 1232 1121 1313 ε’κεῖυοις
1149 1226 1209 1297 τὸν
1240 1234 1288 1298 δι-

246 1324 411 1417 στάζοντα
442 1338 498 1405 καὶ
524 1334 671 1405 θέλοντα
698 1336 760 1420 μὲν
790 1327 1041 1450 ύαολουθῆραι,
1073 1326 1287 1423 ὑπερτιθέμε-

246 1458 306 1503 νον
337 1435 372 1505 δὲ
403 1460 459 1507 και
492 1428 805 1523 ουμβουλευύμενον
832 1430 890 1500 ὁιά
921 1430 1001 1513 τούς
1030 1428 1201 1512 ἰδίους·“
1178 1462 1200 1517 η
1230 1428 1289 1501 τάν

243 1528 412 1629 μακάριον
440 1538 592 1613 Παῦλον,
623 1532 683 1603 τὸν
709 1530 781 1622 ἅμα
810 1539 855 1629 τῶ
880 1531 942 1619 τῂν
968 1532 1162 1622 οἰκονομίαν
1192 1536 1286 1654 ἔγχει-

244 1638 423 1731 ρισθῆναι,
448 1632 496 1725 μὴ
503 1639 823 1762 Ηπροοιιναθὲμενον
840 1641 937 1729 σαρκὶ
950 1642 1005 1704 καὶ
1020 1632 1154 1725 αἵματις
1183 1632 1213 1703 εἰ
1221 1631 1287 1729 γάρ

243 1742 300 1806 καλ
325 1740 447 1827 ἔλεγεν,
475 1732 535 1807 ούκ
561 1734 627 1823 εἰμὶ
646 1732 759 1817 ἱκανὸς
773 1741 955 1809 καλεῖσθαι
972 1732 1217 1818 άπάστολος,”
1196 1763 1287 1825 ομως

243 1833 411 1927 γινώσκων
427 1866 445 1907 ο
430 1835 571 1925 ⁰666,
596 1842 651 1905 καὶ
668 1832 729 1909 οῦκ
746 1833 875 1924 άγνοῶν
898 1834 958 1910 τὸν
983 1835 1165 1929 δεδωκότα,
1190 1843 1286 1929 ἐγρα-

243 1955 321 2031 φεν·
349 1934 427 2011 οῦαὶ
444 1934 509 2031 γάρ
523 1964 583 2031 μοι
602 1942 705 2019 ἐστὶν,
733 1936 792 2007 ε’άν
809 1936 857 2027 μὴ
877 1934 1151 2029 εὐαγγελίζομαι·
1177 1935 1286 2031 ὥσπερ

243 2042 279 2107 δὲ
304 2038 342 2111 τὸ
370 2038 447 2113 ούοιί
472 2066 532 2130 μοι
560 2034 620 2107 οῦκ
651 2034 953 2129 εὐαγγελιζόμενος,
986 2034 1092 2121 οὕτως
1123 2035 1286 2107 διδάσκων

242 2147 299 2211 καὶ
323 2137 496 2233 κηρύσσων
521 2138 560 2209 τὸ
586 2136 793 2229 εὐαγγέλιον,
815 2139 926 2234 χαράν
950 2142 1008 2209 καί
1032 2144 1198 2235 στέφανον
1223 2133 1285 2230 εἶχε

243 2239 320 2321 τοῦς
344 2244 658 2328 μαθητευομέυους.
684 2240 741 2309 διά
765 2248 865 2311 τοῦτο
889 2247 946 2311 καὶ
971 2239 1100 2325 σπουδὴ
1127 2244 1192 2313 τῶν
1212 2238 1282 2330 676-

244 2367 290 2409 ων
309 2338 341 2432 ¹)
367 2347 463 2435 μέχρι
488 2346 548 2412 τοῦ
573 2342 760 2438 Ἰλλυρικοῦ
780 2339 959 2437 κηρύττειν,
985 2350 1042 2412 καλ
1066 2341 1121 2431 μὴ
1149 2338 1283 2413 ὀκνεῖν

240 2447 324 2530 μηδὲ
357 2443 402 2530 εἰς
432 2442 494 2528 τὴν
516 2441 644 2533 Ῥώμην
669 2441 844 2527 ἀπελθεῖν,
869 2447 954 2536 μηδὲ
979 2443 1025 2526 εἰς
1048 2443 1109 2530 τάς
1130 2449 1282 2528 Σπανίυς

242 2541 408 2632 ἀναβῆναι
415 2593 425 2624 ,
454 2543 510 2616 ἵνα
542 2540 625 2620 ὅσον
655 2548 776 2637 κοπιᾷ,
810 2550 974 2616 τοσοῦτον
1003 2554 1061 2618 καὶ
1089 2552 1150 2618 τοῦ
1177 2544 1281 2618 κόπου

242 2644 301 2713 τόν
324 2643 555 2733 μισθὸνζ
480 2651 555 2734 μείζ
553 2672 615 2714 ονα
640 2641 815 2741 ἀπολάβη.
842 2649 1003 2736 ἐκαυχᾶτο
1025 2639 1085 2717 οῦν
1098 2646 1158 2715 τὸν
1169 2648 1281 2734 άγωνα

241 2742 302 2813 τὸν
327 2743 475 2814 καλὸν’
456 2743 717 2835 αγωνιοάμενος,
748 2753 805 2815 καλ
830 2743 1033 2841 ἰθάρῥει
996 2775 1057 2819 τον
1080 2752 1185 2837 με’γαν
1207 2750 1280 2818 στέ·

240 2869 350 2939 φονου
365 2842 639 2939 άποληψόμενος.
666 2842 804 2924 οῦκοῦν,
828 2848 1181 2943 άγαπητὲΔρακόντιε,
1208 2850 1281 2917 τίνα

239 2942 442 3036 μιμούμενος
467 2951 567 3017 τοῦτο
593 2953 718 3031 ποιεΐςς

501 3257 779 3330 cramus
798 3264 1023 3330 HIEME·

390 3339 524 3430 Cfitech.
554 3366 668 3432 XVll.
697 3393 726 3436 e.
757 3369 810 3436 13.
846 3372 899 3437 De
926 3370 1015 3459 δρῦν.
1041 3378 1123 3436 soto.

511 3475 567 3536 (Ed.
586 3477 681 3530 Milies.
705 3481 788 3531 oxon.
800 3481 876 3533 1703.
894 3480 1001 3547 62⁵2.)

294 3586 423 3660 Τούτου
448 3599 509 3664 τοῦ
538 3593 639 3686 άγίου
669 3596 857 3689 πνεύματος
880 3597 1073 3690 πεπλήρωτο
1099 3606 1157 3669 καὶ
1181 3604 1276 3669 Παῦ·
1372 3634 1386 3660 ι

236 3695 293 3770 λος
322 3691 406 3778 μετά
439 3692 499 3780 τὴν
530 3694 595 3766 ὑπὸ
628 3701 690 3768 τοῦ
714 3699 888 3795 Κυρίου
867 3704 963 3792 ημῶν
983 3697 1099 3784 Ἰησοῦ
1124 3704 1277 3793 Χριστοῦ

192 3795 362 3875 κλῆσιν·
389 3801 444 3862 καὶ
470 3795 597 3924 μάρτυς
623 3795 702 3887 ἡμῖν
727 3804 793 3870 τῶν
817 3801 924 3889 λόγων
948 3795 1051 3885 ἡκέτω
1073 3797 1189 3872 Αυανί
1176 3809 1274 3882 ίαςο

204 3885 437 3977 ,τῦλαβὴς,“
419 3921 438 3961 ο
465 3901 499 3966 ἐν
525 3903 708 3992 Δαμασκῷ,
736 3906 839 3989 λέγων
861 3899 946 3996 πρὸς
968 3899 1090 3972 αῦτόν·
1118 3899 1277 4026 ὁΚύριος

235 3987 420 4062 ἆπέσταλκὲ
436 4024 478 4083 με
497 3993 668 4081 Ἰησοῦς
652 4026 670 4066 ο
698 3996 826 4094 ὀφθείς
851 4027 905 4070 σοι
931 4005 965 4071 ἒν
979 4006 1020 4100 τῆ
1041 3993 1146 4099 ὁδοῦ
1124 4035 1145 4100 η
1160 4001 1273 4096 ἤρχου,

305 4173 325 4234 1)
359 4173 482 4228 Εοίλοτοε
502 4179 651 4242 conjiciunt
670 4181 845 4236 scribendum
864 4197 928 4238 οιεε
946 4185 984 4249 τῷ
1001 4180 1074 4249 αγλμ.
